trade_id,price,quantity,first_trade_id,last_trade_id,timestamp_utc,is_maker,best_match,datetime
3800477898,87590.41,0.00057,5724012469,5724012469,1767243600592,False,True,2026-01-01 05:00:00.592
3800477899,87590.41,0.00023,5724012470,5724012470,1767243601338,False,True,2026-01-01 05:00:01.338
3800477900,87590.41,0.02633,5724012471,5724012471,1767243602201,False,True,2026-01-01 05:00:02.201
3800477901,87590.4,0.00087,5724012472,5724012472,1767243602643,True,True,2026-01-01 05:00:02.643
3800477902,87590.41,0.00026,5724012473,5724012473,1767243602739,False,True,2026-01-01 05:00:02.739
3800477903,87590.41,0.00394,5724012474,5724012476,1767243603107,False,True,2026-01-01 05:00:03.107
3800477904,87590.41,0.00353,5724012477,5724012477,1767243603344,False,True,2026-01-01 05:00:03.344
3800477905,87590.41,0.00045,5724012478,5724012478,1767243603960,False,True,2026-01-01 05:00:03.960
3800477906,87590.41,0.00011,5724012479,5724012479,1767243604163,False,True,2026-01-01 05:00:04.163
3800477907,87590.41,0.00025,5724012480,5724012480,1767243604508,False,True,2026-01-01 05:00:04.508
3800477908,87590.41,0.00026,5724012481,5724012481,1767243604679,False,True,2026-01-01 05:00:04.679
3800477909,87590.41,0.00016,5724012482,5724012482,1767243604725,False,True,2026-01-01 05:00:04.725
3800477910,87590.41,0.0022,5724012483,5724012483,1767243604955,False,True,2026-01-01 05:00:04.955
3800477911,87590.41,0.00582,5724012484,5724012484,1767243605446,False,True,2026-01-01 05:00:05.446
3800477912,87590.4,0.00116,5724012485,5724012485,1767243605590,True,True,2026-01-01 05:00:05.590
3800477913,87590.4,0.00528,5724012486,5724012487,1767243605619,True,True,2026-01-01 05:00:05.619
3800477914,87590.41,0.00077,5724012488,5724012488,1767243606098,False,True,2026-01-01 05:00:06.098
3800477915,87590.41,6e-05,5724012489,5724012489,1767243607468,False,True,2026-01-01 05:00:07.468
3800477916,87590.41,0.27742,5724012490,5724012492,1767243608465,False,True,2026-01-01 05:00:08.465
3800477917,87590.41,0.00023,5724012493,5724012493,1767243609422,False,True,2026-01-01 05:00:09.422
3800477918,87590.41,0.0004,5724012494,5724012494,1767243610004,False,True,2026-01-01 05:00:10.004
3800477919,87590.4,0.0004,5724012495,5724012495,1767243610249,True,True,2026-01-01 05:00:10.249
3800477920,87590.4,0.0008,5724012496,5724012496,1767243610822,True,True,2026-01-01 05:00:10.822
3800477921,87590.41,0.00031,5724012497,5724012497,1767243611052,False,True,2026-01-01 05:00:11.052
3800477922,87590.4,0.00027,5724012498,5724012498,1767243611303,True,True,2026-01-01 05:00:11.303
3800477923,87590.4,0.00015,5724012499,5724012499,1767243611531,True,True,2026-01-01 05:00:11.531
3800477924,87590.4,0.00099,5724012500,5724012500,1767243612641,True,True,2026-01-01 05:00:12.641
3800477925,87590.4,0.0005,5724012501,5724012501,1767243612665,True,True,2026-01-01 05:00:12.665
3800477926,87590.41,0.00945,5724012502,5724012502,1767243612812,False,True,2026-01-01 05:00:12.812
3800477927,87590.41,0.04792,5724012503,5724012503,1767243612831,False,True,2026-01-01 05:00:12.831
3800477928,87590.41,6e-05,5724012504,5724012504,1767243613975,False,True,2026-01-01 05:00:13.975
3800477929,87590.41,0.012,5724012505,5724012505,1767243614265,False,True,2026-01-01 05:00:14.265
3800477930,87590.41,0.00024,5724012506,5724012506,1767243614439,False,True,2026-01-01 05:00:14.439
3800477931,87590.41,0.00155,5724012507,5724012507,1767243614787,False,True,2026-01-01 05:00:14.787
3800477932,87590.41,0.00108,5724012508,5724012508,1767243614955,False,True,2026-01-01 05:00:14.955
3800477933,87590.41,0.00042,5724012509,5724012509,1767243615531,False,True,2026-01-01 05:00:15.531
3800477934,87590.4,0.00818,5724012510,5724012510,1767243615690,True,True,2026-01-01 05:00:15.690
3800477935,87590.41,0.00047,5724012511,5724012511,1767243615924,False,True,2026-01-01 05:00:15.924
3800477936,87590.41,0.00015,5724012512,5724012512,1767243616035,False,True,2026-01-01 05:00:16.035
3800477937,87590.41,0.00015,5724012513,5724012513,1767243616035,False,True,2026-01-01 05:00:16.035
3800477938,87590.41,0.00113,5724012514,5724012514,1767243616917,False,True,2026-01-01 05:00:16.917
3800477939,87590.41,0.00071,5724012515,5724012515,1767243617282,False,True,2026-01-01 05:00:17.282
3800477940,87590.4,0.00593,5724012516,5724012516,1767243618459,True,True,2026-01-01 05:00:18.459
3800477941,87590.4,0.00139,5724012517,5724012517,1767243619152,True,True,2026-01-01 05:00:19.152
3800477942,87590.41,0.00017,5724012518,5724012518,1767243619722,False,True,2026-01-01 05:00:19.722
3800477943,87590.41,8e-05,5724012519,5724012519,1767243620783,False,True,2026-01-01 05:00:20.783
3800477944,87590.41,0.00262,5724012520,5724012520,1767243620918,False,True,2026-01-01 05:00:20.918
3800477945,87590.41,0.00016,5724012521,5724012521,1767243620981,False,True,2026-01-01 05:00:20.981
3800477946,87590.4,0.00098,5724012522,5724012522,1767243621255,True,True,2026-01-01 05:00:21.255
3800477947,87590.41,0.00104,5724012523,5724012523,1767243621648,False,True,2026-01-01 05:00:21.648
3800477948,87590.41,0.0003,5724012524,5724012524,1767243621870,False,True,2026-01-01 05:00:21.870
3800477949,87590.41,0.0003,5724012525,5724012525,1767243621870,False,True,2026-01-01 05:00:21.870
3800477950,87590.41,9e-05,5724012526,5724012526,1767243622007,False,True,2026-01-01 05:00:22.007
3800477951,87590.41,0.00043,5724012527,5724012527,1767243622089,False,True,2026-01-01 05:00:22.089
3800477952,87590.4,0.0005,5724012528,5724012528,1767243622277,True,True,2026-01-01 05:00:22.277
3800477953,87590.41,6e-05,5724012529,5724012529,1767243622448,False,True,2026-01-01 05:00:22.448
3800477954,87590.41,0.08,5724012530,5724012541,1767243622640,False,True,2026-01-01 05:00:22.640
3800477955,87590.41,0.16,5724012542,5724012551,1767243622640,False,True,2026-01-01 05:00:22.640
3800477956,87590.41,0.02,5724012552,5724012552,1767243622640,False,True,2026-01-01 05:00:22.640
3800477957,87590.41,0.02,5724012553,5724012555,1767243622641,False,True,2026-01-01 05:00:22.641
3800477958,87590.41,0.002,5724012556,5724012556,1767243622642,False,True,2026-01-01 05:00:22.642
3800477959,87590.41,0.002,5724012557,5724012557,1767243622642,False,True,2026-01-01 05:00:22.642
3800477960,87590.41,0.002,5724012558,5724012558,1767243622642,False,True,2026-01-01 05:00:22.642
3800477961,87590.41,0.002,5724012559,5724012565,1767243622645,False,True,2026-01-01 05:00:22.645
3800477962,87590.41,0.015,5724012566,5724012573,1767243622645,False,True,2026-01-01 05:00:22.645
3800477963,87590.41,0.015,5724012574,5724012577,1767243622645,False,True,2026-01-01 05:00:22.645
3800477964,87590.41,0.015,5724012578,5724012578,1767243622645,False,True,2026-01-01 05:00:22.645
3800477965,87590.41,0.015,5724012579,5724012579,1767243622646,False,True,2026-01-01 05:00:22.646
3800477966,87590.41,0.015,5724012580,5724012580,1767243622646,False,True,2026-01-01 05:00:22.646
3800477967,87590.41,0.015,5724012581,5724012581,1767243622646,False,True,2026-01-01 05:00:22.646
3800477968,87590.41,0.015,5724012582,5724012594,1767243622647,False,True,2026-01-01 05:00:22.647
3800477969,87590.41,0.02,5724012595,5724012595,1767243623084,False,True,2026-01-01 05:00:23.084
3800477970,87590.41,0.0001,5724012596,5724012596,1767243623112,False,True,2026-01-01 05:00:23.112
3800477971,87590.4,0.00074,5724012597,5724012597,1767243623260,True,True,2026-01-01 05:00:23.260
3800477972,87590.41,0.12,5724012598,5724012598,1767243623859,False,True,2026-01-01 05:00:23.859
3800477973,87590.41,0.08,5724012599,5724012599,1767243623859,False,True,2026-01-01 05:00:23.859
3800477974,87590.41,0.14,5724012600,5724012675,1767243623859,False,True,2026-01-01 05:00:23.859
3800477975,87590.41,0.15,5724012676,5724012691,1767243623859,False,True,2026-01-01 05:00:23.859
3800477976,87590.41,0.002,5724012692,5724012693,1767243623861,False,True,2026-01-01 05:00:23.861
3800477977,87590.41,0.002,5724012694,5724012694,1767243623862,False,True,2026-01-01 05:00:23.862
3800477978,87590.41,0.002,5724012695,5724012696,1767243623862,False,True,2026-01-01 05:00:23.862
3800477979,87590.41,0.002,5724012697,5724012697,1767243623863,False,True,2026-01-01 05:00:23.863
3800477980,87590.41,0.015,5724012698,5724012699,1767243623864,False,True,2026-01-01 05:00:23.864
3800477981,87590.41,0.015,5724012700,5724012720,1767243623865,False,True,2026-01-01 05:00:23.865
3800477982,87590.41,0.015,5724012721,5724012722,1767243623865,False,True,2026-01-01 05:00:23.865
3800477983,87590.41,0.015,5724012723,5724012724,1767243623865,False,True,2026-01-01 05:00:23.865
3800477984,87590.41,0.015,5724012725,5724012726,1767243623865,False,True,2026-01-01 05:00:23.865
3800477985,87590.41,0.04242,5724012727,5724012729,1767243623865,False,True,2026-01-01 05:00:23.865
3800477986,87590.42,0.00492,5724012730,5724012746,1767243623865,False,True,2026-01-01 05:00:23.865
3800477987,87590.45,0.00027,5724012747,5724012749,1767243623865,False,True,2026-01-01 05:00:23.865
3800477988,87591.2,0.00018,5724012750,5724012752,1767243623865,False,True,2026-01-01 05:00:23.865
3800477989,87591.21,0.015,5724012753,5724012753,1767243623873,False,True,2026-01-01 05:00:23.873
3800477990,87591.21,0.00348,5724012754,5724012806,1767243623875,False,True,2026-01-01 05:00:23.875
3800477991,87591.22,0.00108,5724012807,5724012824,1767243623875,False,True,2026-01-01 05:00:23.875
3800477992,87591.7,6e-05,5724012825,5724012825,1767243623875,False,True,2026-01-01 05:00:23.875
3800477993,87591.76,6e-05,5724012826,5724012826,1767243623875,False,True,2026-01-01 05:00:23.875
3800477994,87593.67,6e-05,5724012827,5724012827,1767243623875,False,True,2026-01-01 05:00:23.875
3800477995,87594.7,6e-05,5724012828,5724012828,1767243623875,False,True,2026-01-01 05:00:23.875
3800477996,87595.79,0.00057,5724012829,5724012836,1767243623875,False,True,2026-01-01 05:00:23.875
3800477997,87595.8,0.00039,5724012837,5724012841,1767243623875,False,True,2026-01-01 05:00:23.875
3800477998,87596.06,0.00924,5724012842,5724012842,1767243623875,False,True,2026-01-01 05:00:23.875
3800477999,87596.06,0.00264,5724012843,5724012880,1767243623891,False,True,2026-01-01 05:00:23.891
3800478000,87596.07,0.00108,5724012881,5724012898,1767243623891,False,True,2026-01-01 05:00:23.891
3800478001,87596.54,0.00091,5724012899,5724012905,1767243623891,False,True,2026-01-01 05:00:23.891
3800478002,87596.55,0.00197,5724012906,5724012906,1767243623891,False,True,2026-01-01 05:00:23.891
3800478003,87596.55,0.00148,5724012907,5724012913,1767243623892,False,True,2026-01-01 05:00:23.892
3800478004,87596.56,6e-05,5724012914,5724012914,1767243623892,False,True,2026-01-01 05:00:23.892
3800478005,87596.58,0.00018,5724012915,5724012917,1767243623892,False,True,2026-01-01 05:00:23.892
3800478006,87596.59,0.00039,5724012918,5724012923,1767243623892,False,True,2026-01-01 05:00:23.892
3800478007,87596.89,0.0001,5724012924,5724012924,1767243623892,False,True,2026-01-01 05:00:23.892
3800478008,87596.99,0.00018,5724012925,5724012927,1767243623892,False,True,2026-01-01 05:00:23.892
3800478009,87597.0,0.03309,5724012928,5724012934,1767243623892,False,True,2026-01-01 05:00:23.892
3800478010,87597.69,0.0003,5724012935,5724012939,1767243623892,False,True,2026-01-01 05:00:23.892
3800478011,87597.81,0.00018,5724012940,5724012942,1767243623892,False,True,2026-01-01 05:00:23.892
3800478012,87597.82,0.00012,5724012943,5724012944,1767243623892,False,True,2026-01-01 05:00:23.892
3800478013,87598.02,0.00197,5724012945,5724012945,1767243623892,False,True,2026-01-01 05:00:23.892
3800478014,87598.06,6e-05,5724012946,5724012946,1767243623892,False,True,2026-01-01 05:00:23.892
3800478015,87598.21,7e-05,5724012947,5724012947,1767243623892,False,True,2026-01-01 05:00:23.892
3800478016,87598.26,0.00012,5724012948,5724012949,1767243623892,False,True,2026-01-01 05:00:23.892
3800478017,87598.99,0.00018,5724012950,5724012952,1767243623892,False,True,2026-01-01 05:00:23.892
3800478018,87599.0,0.03282,5724012953,5724012955,1767243623892,False,True,2026-01-01 05:00:23.892
3800478019,87599.2,6e-05,5724012956,5724012956,1767243623892,False,True,2026-01-01 05:00:23.892
3800478020,87600.0,6e-05,5724012957,5724012957,1767243623892,False,True,2026-01-01 05:00:23.892
3800478021,87600.22,6e-05,5724012958,5724012958,1767243623892,False,True,2026-01-01 05:00:23.892
3800478022,87600.23,0.00012,5724012959,5724012960,1767243623892,False,True,2026-01-01 05:00:23.892
3800478023,87600.53,0.00048,5724012961,5724012961,1767243623892,False,True,2026-01-01 05:00:23.892
3800478024,87600.92,0.00183,5724012962,5724012962,1767243623892,False,True,2026-01-01 05:00:23.892
3800478025,87600.98,0.00048,5724012963,5724012963,1767243623892,False,True,2026-01-01 05:00:23.892
3800478026,87601.14,7e-05,5724012964,5724012964,1767243623892,False,True,2026-01-01 05:00:23.892
3800478027,87601.35,0.00012,5724012965,5724012965,1767243623892,False,True,2026-01-01 05:00:23.892
3800478028,87601.45,0.00069,5724012966,5724012966,1767243623892,False,True,2026-01-01 05:00:23.892
3800478029,87601.88,0.00047,5724012967,5724012967,1767243623892,False,True,2026-01-01 05:00:23.892
3800478030,87601.89,0.00189,5724012968,5724012968,1767243623892,False,True,2026-01-01 05:00:23.892
3800478031,87602.02,0.00012,5724012969,5724012970,1767243623892,False,True,2026-01-01 05:00:23.892
3800478032,87602.37,0.04273,5724012971,5724012971,1767243623892,False,True,2026-01-01 05:00:23.892
3800478033,87602.45,6e-05,5724012972,5724012972,1767243623892,False,True,2026-01-01 05:00:23.892
3800478034,87602.68,0.003,5724012973,5724012973,1767243623892,False,True,2026-01-01 05:00:23.892
3800478035,87603.12,0.00772,5724012974,5724012975,1767243623903,False,True,2026-01-01 05:00:23.903
3800478036,87603.12,0.00184,5724012976,5724012976,1767243623903,False,True,2026-01-01 05:00:23.903
3800478037,87603.12,0.00369,5724012977,5724012977,1767243623913,False,True,2026-01-01 05:00:23.913
3800478038,87603.12,0.00022,5724012978,5724012978,1767243624066,False,True,2026-01-01 05:00:24.066
3800478039,87603.11,0.00011,5724012979,5724012979,1767243624409,True,True,2026-01-01 05:00:24.409
3800478040,87603.12,0.002,5724012980,5724012980,1767243624678,False,True,2026-01-01 05:00:24.678
3800478041,87603.12,0.0001,5724012981,5724012981,1767243624895,False,True,2026-01-01 05:00:24.895
3800478042,87603.12,0.00021,5724012982,5724012982,1767243625422,False,True,2026-01-01 05:00:25.422
3800478043,87603.12,0.00057,5724012983,5724012983,1767243625685,False,True,2026-01-01 05:00:25.685
3800478044,87603.12,0.015,5724012984,5724012984,1767243627992,False,True,2026-01-01 05:00:27.992
3800478045,87603.12,0.00041,5724012985,5724012985,1767243628052,False,True,2026-01-01 05:00:28.052
3800478046,87603.12,0.015,5724012986,5724012986,1767243628140,False,True,2026-01-01 05:00:28.140
3800478047,87603.12,0.015,5724012987,5724012987,1767243628140,False,True,2026-01-01 05:00:28.140
3800478048,87603.12,0.015,5724012988,5724012988,1767243628140,False,True,2026-01-01 05:00:28.140
3800478049,87603.12,0.015,5724012989,5724012989,1767243628140,False,True,2026-01-01 05:00:28.140
3800478050,87603.12,0.015,5724012990,5724012990,1767243628141,False,True,2026-01-01 05:00:28.141
3800478051,87603.12,0.015,5724012991,5724012991,1767243628142,False,True,2026-01-01 05:00:28.142
3800478052,87603.12,0.012,5724012992,5724012992,1767243628176,False,True,2026-01-01 05:00:28.176
3800478053,87603.12,0.00069,5724012993,5724012993,1767243629704,False,True,2026-01-01 05:00:29.704
3800478054,87603.12,0.01153,5724012994,5724012994,1767243630379,False,True,2026-01-01 05:00:30.379
3800478055,87603.12,0.00015,5724012995,5724012995,1767243630710,False,True,2026-01-01 05:00:30.710
3800478056,87603.11,6e-05,5724012996,5724012996,1767243630953,True,True,2026-01-01 05:00:30.953
3800478057,87603.12,0.00037,5724012997,5724012997,1767243630986,False,True,2026-01-01 05:00:30.986
3800478058,87603.12,0.00092,5724012998,5724012998,1767243631205,False,True,2026-01-01 05:00:31.205
3800478059,87603.12,0.00228,5724012999,5724012999,1767243631726,False,True,2026-01-01 05:00:31.726
3800478060,87603.12,0.00085,5724013000,5724013000,1767243633281,False,True,2026-01-01 05:00:33.281
3800478061,87603.11,0.00031,5724013001,5724013001,1767243633587,True,True,2026-01-01 05:00:33.587
3800478062,87603.12,7e-05,5724013002,5724013002,1767243634199,False,True,2026-01-01 05:00:34.199
3800478063,87603.12,0.0001,5724013003,5724013003,1767243634827,False,True,2026-01-01 05:00:34.827
3800478064,87603.12,0.00025,5724013004,5724013004,1767243634971,False,True,2026-01-01 05:00:34.971
3800478065,87603.12,0.00016,5724013005,5724013005,1767243635365,False,True,2026-01-01 05:00:35.365
3800478066,87603.12,0.0003,5724013006,5724013006,1767243637022,False,True,2026-01-01 05:00:37.022
3800478067,87603.12,0.0001,5724013007,5724013007,1767243637401,False,True,2026-01-01 05:00:37.401
3800478068,87603.12,0.00022,5724013008,5724013008,1767243637496,False,True,2026-01-01 05:00:37.496
3800478069,87603.12,0.00038,5724013009,5724013009,1767243638033,False,True,2026-01-01 05:00:38.033
3800478070,87603.12,0.00022,5724013010,5724013010,1767243639433,False,True,2026-01-01 05:00:39.433
3800478071,87603.11,0.00013,5724013011,5724013011,1767243639572,True,True,2026-01-01 05:00:39.572
3800478072,87603.12,0.00011,5724013012,5724013012,1767243641165,False,True,2026-01-01 05:00:41.165
3800478073,87603.12,0.00073,5724013013,5724013013,1767243641188,False,True,2026-01-01 05:00:41.188
3800478074,87603.12,0.00013,5724013014,5724013014,1767243641272,False,True,2026-01-01 05:00:41.272
3800478075,87603.12,0.00012,5724013015,5724013015,1767243641547,False,True,2026-01-01 05:00:41.547
3800478076,87603.12,0.00021,5724013016,5724013016,1767243641569,False,True,2026-01-01 05:00:41.569
3800478077,87603.12,0.00012,5724013017,5724013017,1767243642108,False,True,2026-01-01 05:00:42.108
3800478078,87603.12,0.00018,5724013018,5724013018,1767243643281,False,True,2026-01-01 05:00:43.281
3800478079,87603.12,0.00058,5724013019,5724013019,1767243643297,False,True,2026-01-01 05:00:43.297
3800478080,87603.12,0.00013,5724013020,5724013020,1767243643467,False,True,2026-01-01 05:00:43.467
3800478081,87603.12,6e-05,5724013021,5724013021,1767243643544,False,True,2026-01-01 05:00:43.544
3800478082,87603.12,0.00012,5724013022,5724013022,1767243643561,False,True,2026-01-01 05:00:43.561
3800478083,87603.11,0.00057,5724013023,5724013023,1767243643617,True,True,2026-01-01 05:00:43.617
3800478084,87603.12,0.00035,5724013024,5724013024,1767243643985,False,True,2026-01-01 05:00:43.985
3800478085,87603.12,0.0004,5724013025,5724013025,1767243644388,False,True,2026-01-01 05:00:44.388
3800478086,87603.12,0.00058,5724013026,5724013026,1767243644467,False,True,2026-01-01 05:00:44.467
3800478087,87603.11,0.0009,5724013027,5724013027,1767243645439,True,True,2026-01-01 05:00:45.439
3800478088,87603.12,0.00046,5724013028,5724013028,1767243645987,False,True,2026-01-01 05:00:45.987
3800478089,87603.12,7e-05,5724013029,5724013029,1767243646349,False,True,2026-01-01 05:00:46.349
3800478090,87603.12,0.00259,5724013030,5724013030,1767243647119,False,True,2026-01-01 05:00:47.119
3800478091,87603.12,0.00014,5724013031,5724013031,1767243647556,False,True,2026-01-01 05:00:47.556
3800478092,87603.12,6e-05,5724013032,5724013032,1767243648609,False,True,2026-01-01 05:00:48.609
3800478093,87603.12,0.00046,5724013033,5724013033,1767243648894,False,True,2026-01-01 05:00:48.894
3800478094,87603.12,0.00049,5724013034,5724013034,1767243649130,False,True,2026-01-01 05:00:49.130
3800478095,87603.12,0.00058,5724013035,5724013035,1767243649548,False,True,2026-01-01 05:00:49.548
3800478096,87603.11,6e-05,5724013036,5724013036,1767243649774,True,True,2026-01-01 05:00:49.774
3800478097,87603.12,0.01,5724013037,5724013061,1767243650097,False,True,2026-01-01 05:00:50.097
3800478098,87603.12,0.08,5724013062,5724013066,1767243650097,False,True,2026-01-01 05:00:50.097
3800478099,87603.12,0.02,5724013067,5724013067,1767243650097,False,True,2026-01-01 05:00:50.097
3800478100,87603.12,0.04681,5724013068,5724013068,1767243650098,False,True,2026-01-01 05:00:50.098
3800478101,87603.12,0.2636,5724013069,5724013089,1767243650098,False,True,2026-01-01 05:00:50.098
3800478102,87603.12,0.04,5724013090,5724013090,1767243650098,False,True,2026-01-01 05:00:50.098
3800478103,87603.12,0.01657,5724013091,5724013091,1767243650098,False,True,2026-01-01 05:00:50.098
3800478104,87603.12,0.015,5724013092,5724013098,1767243650104,False,True,2026-01-01 05:00:50.104
3800478105,87603.12,0.015,5724013099,5724013099,1767243650104,False,True,2026-01-01 05:00:50.104
3800478106,87603.12,0.015,5724013100,5724013100,1767243650104,False,True,2026-01-01 05:00:50.104
3800478107,87603.12,0.015,5724013101,5724013101,1767243650104,False,True,2026-01-01 05:00:50.104
3800478108,87603.12,0.01,5724013102,5724013102,1767243650104,False,True,2026-01-01 05:00:50.104
3800478109,87603.12,0.015,5724013103,5724013103,1767243650104,False,True,2026-01-01 05:00:50.104
3800478110,87603.12,0.015,5724013104,5724013104,1767243650105,False,True,2026-01-01 05:00:50.105
3800478111,87603.12,0.015,5724013105,5724013105,1767243650106,False,True,2026-01-01 05:00:50.106
3800478112,87603.12,0.00629,5724013106,5724013106,1767243650107,False,True,2026-01-01 05:00:50.107
3800478113,87603.12,0.0083,5724013107,5724013107,1767243650112,False,True,2026-01-01 05:00:50.112
3800478114,87603.12,0.00456,5724013108,5724013108,1767243650124,False,True,2026-01-01 05:00:50.124
3800478115,87603.12,0.00313,5724013109,5724013109,1767243650124,False,True,2026-01-01 05:00:50.124
3800478116,87603.12,0.00562,5724013110,5724013110,1767243650124,False,True,2026-01-01 05:00:50.124
3800478117,87603.12,0.012,5724013111,5724013111,1767243650127,False,True,2026-01-01 05:00:50.127
3800478118,87603.12,0.00836,5724013112,5724013112,1767243650128,False,True,2026-01-01 05:00:50.128
3800478119,87603.12,0.00181,5724013113,5724013113,1767243650129,False,True,2026-01-01 05:00:50.129
3800478120,87603.12,0.00503,5724013114,5724013114,1767243650132,False,True,2026-01-01 05:00:50.132
3800478121,87603.12,0.00542,5724013115,5724013115,1767243650133,False,True,2026-01-01 05:00:50.133
3800478122,87603.12,0.00869,5724013116,5724013116,1767243650157,False,True,2026-01-01 05:00:50.157
3800478123,87603.12,0.00061,5724013117,5724013117,1767243650169,False,True,2026-01-01 05:00:50.169
3800478124,87603.12,0.00456,5724013118,5724013118,1767243650175,False,True,2026-01-01 05:00:50.175
3800478125,87603.12,0.00178,5724013119,5724013119,1767243650175,False,True,2026-01-01 05:00:50.175
3800478126,87603.12,0.08836,5724013120,5724013171,1767243650215,False,True,2026-01-01 05:00:50.215
3800478127,87603.13,0.00123,5724013172,5724013190,1767243650215,False,True,2026-01-01 05:00:50.215
3800478128,87603.14,0.00045,5724013191,5724013196,1767243650215,False,True,2026-01-01 05:00:50.215
3800478129,87603.17,6e-05,5724013197,5724013197,1767243650215,False,True,2026-01-01 05:00:50.215
3800478130,87603.96,0.00018,5724013198,5724013200,1767243650215,False,True,2026-01-01 05:00:50.215
3800478131,87604.04,6e-05,5724013201,5724013201,1767243650215,False,True,2026-01-01 05:00:50.215
3800478132,87604.07,7e-05,5724013202,5724013202,1767243650215,False,True,2026-01-01 05:00:50.215
3800478133,87604.08,0.00012,5724013203,5724013204,1767243650215,False,True,2026-01-01 05:00:50.215
3800478134,87604.35,0.00471,5724013205,5724013207,1767243650215,False,True,2026-01-01 05:00:50.215
3800478135,87604.92,6e-05,5724013208,5724013208,1767243650215,False,True,2026-01-01 05:00:50.215
3800478136,87604.98,6e-05,5724013209,5724013209,1767243650215,False,True,2026-01-01 05:00:50.215
3800478137,87605.1,0.00012,5724013210,5724013211,1767243650215,False,True,2026-01-01 05:00:50.215
3800478138,87605.36,6e-05,5724013212,5724013212,1767243650215,False,True,2026-01-01 05:00:50.215
3800478139,87606.49,0.00018,5724013213,5724013215,1767243650215,False,True,2026-01-01 05:00:50.215
3800478140,87606.5,0.00047,5724013216,5724013216,1767243650274,False,True,2026-01-01 05:00:50.274
3800478141,87606.5,0.00063,5724013217,5724013217,1767243650400,False,True,2026-01-01 05:00:50.400
3800478142,87606.49,0.00017,5724013218,5724013218,1767243651260,True,True,2026-01-01 05:00:51.260
3800478143,87606.5,7e-05,5724013219,5724013219,1767243651321,False,True,2026-01-01 05:00:51.321
3800478144,87606.5,0.00087,5724013220,5724013220,1767243651636,False,True,2026-01-01 05:00:51.636
3800478145,87606.5,0.00339,5724013221,5724013263,1767243651665,False,True,2026-01-01 05:00:51.665
3800478146,87606.51,0.00147,5724013264,5724013286,1767243651665,False,True,2026-01-01 05:00:51.665
3800478147,87606.57,0.00018,5724013287,5724013289,1767243651665,False,True,2026-01-01 05:00:51.665
3800478148,87606.62,6e-05,5724013290,5724013290,1767243651665,False,True,2026-01-01 05:00:51.665
3800478149,87606.68,6e-05,5724013291,5724013291,1767243651665,False,True,2026-01-01 05:00:51.665
3800478150,87606.84,6e-05,5724013292,5724013292,1767243651665,False,True,2026-01-01 05:00:51.665
3800478151,87606.92,0.00018,5724013293,5724013295,1767243651665,False,True,2026-01-01 05:00:51.665
3800478152,87606.93,0.01198,5724013296,5724013304,1767243651665,False,True,2026-01-01 05:00:51.665
3800478153,87607.0,7e-05,5724013305,5724013305,1767243651665,False,True,2026-01-01 05:00:51.665
3800478154,87607.55,6e-05,5724013306,5724013306,1767243651665,False,True,2026-01-01 05:00:51.665
3800478155,87607.82,0.00018,5724013307,5724013309,1767243651665,False,True,2026-01-01 05:00:51.665
3800478156,87607.83,0.00895,5724013310,5724013316,1767243651665,False,True,2026-01-01 05:00:51.665
3800478157,87607.86,0.00018,5724013317,5724013319,1767243651665,False,True,2026-01-01 05:00:51.665
3800478158,87607.86,0.27063,5724013320,5724013320,1767243651671,True,True,2026-01-01 05:00:51.671
3800478159,87607.87,0.00222,5724013321,5724013352,1767243651715,False,True,2026-01-01 05:00:51.715
3800478160,87607.88,0.00108,5724013353,5724013370,1767243651715,False,True,2026-01-01 05:00:51.715
3800478161,87607.9,0.002,5724013371,5724013399,1767243651783,False,True,2026-01-01 05:00:51.783
3800478162,87607.9,0.001,5724013400,5724013414,1767243651789,False,True,2026-01-01 05:00:51.789
3800478163,87607.9,0.00168,5724013415,5724013436,1767243651865,False,True,2026-01-01 05:00:51.865
3800478164,87607.91,0.00135,5724013437,5724013457,1767243651865,False,True,2026-01-01 05:00:51.865
3800478165,87608.47,0.00102,5724013458,5724013464,1767243651865,False,True,2026-01-01 05:00:51.865
3800478166,87608.48,6e-05,5724013465,5724013465,1767243651865,False,True,2026-01-01 05:00:51.865
3800478167,87608.68,9e-05,5724013466,5724013466,1767243651865,False,True,2026-01-01 05:00:51.865
3800478168,87609.31,6e-05,5724013467,5724013467,1767243651865,False,True,2026-01-01 05:00:51.865
3800478169,87609.93,7e-05,5724013468,5724013468,1767243651865,False,True,2026-01-01 05:00:51.865
3800478170,87609.97,0.00018,5724013469,5724013471,1767243651865,False,True,2026-01-01 05:00:51.865
3800478171,87609.98,0.0639,5724013472,5724013475,1767243651865,False,True,2026-01-01 05:00:51.865
3800478172,87610.18,6e-05,5724013476,5724013476,1767243651865,False,True,2026-01-01 05:00:51.865
3800478173,87610.5,0.00306,5724013477,5724013478,1767243651865,False,True,2026-01-01 05:00:51.865
3800478174,87611.0,6e-05,5724013479,5724013479,1767243651865,False,True,2026-01-01 05:00:51.865
3800478175,87611.1,0.00018,5724013480,5724013482,1767243651865,False,True,2026-01-01 05:00:51.865
3800478176,87611.11,0.015,5724013483,5724013483,1767243652560,False,True,2026-01-01 05:00:52.560
3800478177,87611.11,0.015,5724013484,5724013484,1767243652561,False,True,2026-01-01 05:00:52.561
3800478178,87611.11,0.00115,5724013485,5724013485,1767243652963,False,True,2026-01-01 05:00:52.963
3800478179,87611.11,0.015,5724013486,5724013486,1767243652976,False,True,2026-01-01 05:00:52.976
3800478180,87611.11,0.015,5724013487,5724013487,1767243652978,False,True,2026-01-01 05:00:52.978
3800478181,87611.11,0.015,5724013488,5724013488,1767243653228,False,True,2026-01-01 05:00:53.228
3800478182,87611.11,0.015,5724013489,5724013489,1767243653228,False,True,2026-01-01 05:00:53.228
3800478183,87611.11,0.015,5724013490,5724013490,1767243653229,False,True,2026-01-01 05:00:53.229
3800478184,87611.11,0.0001,5724013491,5724013491,1767243654069,False,True,2026-01-01 05:00:54.069
3800478185,87611.11,0.021,5724013492,5724013492,1767243654205,False,True,2026-01-01 05:00:54.205
3800478186,87611.11,0.00012,5724013493,5724013493,1767243654225,False,True,2026-01-01 05:00:54.225
3800478187,87611.11,0.08,5724013494,5724013494,1767243654250,False,True,2026-01-01 05:00:54.250
3800478188,87611.11,0.009,5724013495,5724013495,1767243654250,False,True,2026-01-01 05:00:54.250
3800478189,87611.11,0.019,5724013496,5724013496,1767243654250,False,True,2026-01-01 05:00:54.250
3800478190,87611.11,0.151,5724013497,5724013535,1767243654517,False,True,2026-01-01 05:00:54.517
3800478191,87611.11,0.077,5724013536,5724013536,1767243654517,False,True,2026-01-01 05:00:54.517
3800478192,87611.11,0.004,5724013537,5724013541,1767243654778,False,True,2026-01-01 05:00:54.778
3800478193,87611.11,0.00054,5724013542,5724013542,1767243654963,False,True,2026-01-01 05:00:54.963
3800478194,87611.11,0.04,5724013543,5724013543,1767243655250,False,True,2026-01-01 05:00:55.250
3800478195,87611.11,0.00075,5724013544,5724013544,1767243655641,False,True,2026-01-01 05:00:55.641
3800478196,87611.11,0.00011,5724013545,5724013545,1767243655885,False,True,2026-01-01 05:00:55.885
3800478197,87611.1,9e-05,5724013546,5724013546,1767243655917,True,True,2026-01-01 05:00:55.917
3800478198,87611.11,0.002,5724013547,5724013547,1767243656267,False,True,2026-01-01 05:00:56.267
3800478199,87611.1,0.00188,5724013548,5724013548,1767243656328,True,True,2026-01-01 05:00:56.328
3800478200,87611.11,0.007,5724013549,5724013549,1767243656451,False,True,2026-01-01 05:00:56.451
3800478201,87611.11,0.027,5724013550,5724013550,1767243656463,False,True,2026-01-01 05:00:56.463
3800478202,87611.11,0.00057,5724013551,5724013551,1767243656485,False,True,2026-01-01 05:00:56.485
3800478203,87611.1,0.00112,5724013552,5724013552,1767243656622,True,True,2026-01-01 05:00:56.622
3800478204,87611.11,0.00011,5724013553,5724013553,1767243656868,False,True,2026-01-01 05:00:56.868
3800478205,87611.11,0.003,5724013554,5724013554,1767243656877,False,True,2026-01-01 05:00:56.877
3800478206,87611.11,0.015,5724013555,5724013555,1767243656912,False,True,2026-01-01 05:00:56.912
3800478207,87611.11,0.015,5724013556,5724013556,1767243656913,False,True,2026-01-01 05:00:56.913
3800478208,87611.11,0.015,5724013557,5724013558,1767243656913,False,True,2026-01-01 05:00:56.913
3800478209,87611.11,0.015,5724013559,5724013559,1767243656914,False,True,2026-01-01 05:00:56.914
3800478210,87611.11,0.015,5724013560,5724013560,1767243656914,False,True,2026-01-01 05:00:56.914
3800478211,87611.11,0.015,5724013561,5724013561,1767243656915,False,True,2026-01-01 05:00:56.915
3800478212,87611.11,0.015,5724013562,5724013562,1767243656915,False,True,2026-01-01 05:00:56.915
3800478213,87611.11,0.00052,5724013563,5724013563,1767243657256,False,True,2026-01-01 05:00:57.256
3800478214,87611.11,0.03969,5724013564,5724013572,1767243657261,False,True,2026-01-01 05:00:57.261
3800478215,87611.1,0.00025,5724013573,5724013573,1767243657358,True,True,2026-01-01 05:00:57.358
3800478216,87611.11,7e-05,5724013574,5724013574,1767243657560,False,True,2026-01-01 05:00:57.560
3800478217,87611.11,0.00064,5724013575,5724013575,1767243658260,False,True,2026-01-01 05:00:58.260
3800478218,87611.11,0.00129,5724013576,5724013576,1767243658462,False,True,2026-01-01 05:00:58.462
3800478219,87611.11,0.0001,5724013577,5724013577,1767243659386,False,True,2026-01-01 05:00:59.386
3800478220,87611.11,0.00076,5724013578,5724013578,1767243660394,False,True,2026-01-01 05:01:00.394
3800478221,87611.11,0.00095,5724013579,5724013579,1767243660407,False,True,2026-01-01 05:01:00.407
3800478222,87611.11,0.0001,5724013580,5724013580,1767243660894,False,True,2026-01-01 05:01:00.894
3800478223,87611.11,0.03968,5724013581,5724013581,1767243661253,False,True,2026-01-01 05:01:01.253
3800478224,87611.11,0.00057,5724013582,5724013582,1767243661387,False,True,2026-01-01 05:01:01.387
3800478225,87611.11,0.00228,5724013583,5724013583,1767243662136,False,True,2026-01-01 05:01:02.136
3800478226,87611.11,0.015,5724013584,5724013584,1767243662594,False,True,2026-01-01 05:01:02.594
3800478227,87611.11,0.015,5724013585,5724013585,1767243662595,False,True,2026-01-01 05:01:02.595
3800478228,87611.11,0.015,5724013586,5724013586,1767243662595,False,True,2026-01-01 05:01:02.595
3800478229,87611.11,0.015,5724013587,5724013587,1767243662595,False,True,2026-01-01 05:01:02.595
3800478230,87611.11,0.015,5724013588,5724013588,1767243662595,False,True,2026-01-01 05:01:02.595
3800478231,87611.11,0.015,5724013589,5724013589,1767243662596,False,True,2026-01-01 05:01:02.596
3800478232,87611.11,0.015,5724013590,5724013590,1767243662597,False,True,2026-01-01 05:01:02.597
3800478233,87611.1,0.0016,5724013591,5724013591,1767243662619,True,True,2026-01-01 05:01:02.619
3800478234,87611.11,0.00111,5724013592,5724013592,1767243663850,False,True,2026-01-01 05:01:03.850
3800478235,87611.1,0.00034,5724013593,5724013593,1767243665763,True,True,2026-01-01 05:01:05.763
3800478236,87611.11,0.00094,5724013594,5724013594,1767243665863,False,True,2026-01-01 05:01:05.863
3800478237,87611.11,0.012,5724013595,5724013595,1767243666555,False,True,2026-01-01 05:01:06.555
3800478238,87611.11,0.00566,5724013596,5724013615,1767243666945,False,True,2026-01-01 05:01:06.945
3800478239,87611.11,0.00475,5724013616,5724013616,1767243667480,False,True,2026-01-01 05:01:07.480
3800478240,87611.1,0.00012,5724013617,5724013617,1767243667882,True,True,2026-01-01 05:01:07.882
3800478241,87611.11,0.015,5724013618,5724013620,1767243668109,False,True,2026-01-01 05:01:08.109
3800478242,87611.11,0.015,5724013621,5724013621,1767243668109,False,True,2026-01-01 05:01:08.109
3800478243,87611.11,0.015,5724013622,5724013625,1767243668109,False,True,2026-01-01 05:01:08.109
3800478244,87611.11,0.015,5724013626,5724013639,1767243668109,False,True,2026-01-01 05:01:08.109
3800478245,87611.11,0.015,5724013640,5724013640,1767243668110,False,True,2026-01-01 05:01:08.110
3800478246,87611.11,0.015,5724013641,5724013641,1767243668110,False,True,2026-01-01 05:01:08.110
3800478247,87611.11,0.015,5724013642,5724013642,1767243668111,False,True,2026-01-01 05:01:08.111
3800478248,87611.11,0.00584,5724013643,5724013643,1767243668124,False,True,2026-01-01 05:01:08.124
3800478249,87611.11,0.00047,5724013644,5724013644,1767243668424,False,True,2026-01-01 05:01:08.424
3800478250,87611.11,0.015,5724013645,5724013645,1767243669518,False,True,2026-01-01 05:01:09.518
3800478251,87611.11,0.015,5724013646,5724013646,1767243669519,False,True,2026-01-01 05:01:09.519
3800478252,87611.11,0.015,5724013647,5724013647,1767243669519,False,True,2026-01-01 05:01:09.519
3800478253,87611.11,0.015,5724013648,5724013648,1767243669520,False,True,2026-01-01 05:01:09.520
3800478254,87611.11,0.015,5724013649,5724013649,1767243669520,False,True,2026-01-01 05:01:09.520
3800478255,87611.11,0.06512,5724013650,5724013704,1767243669565,False,True,2026-01-01 05:01:09.565
3800478256,87611.12,0.00081,5724013705,5724013716,1767243669565,False,True,2026-01-01 05:01:09.565
3800478257,87611.13,0.00027,5724013717,5724013719,1767243669565,False,True,2026-01-01 05:01:09.565
3800478258,87611.15,0.00018,5724013720,5724013722,1767243669565,False,True,2026-01-01 05:01:09.565
3800478259,87611.16,0.02,5724013723,5724013723,1767243669574,False,True,2026-01-01 05:01:09.574
3800478260,87611.16,0.01,5724013724,5724013724,1767243669574,False,True,2026-01-01 05:01:09.574
3800478261,87611.16,0.08,5724013725,5724013725,1767243669575,False,True,2026-01-01 05:01:09.575
3800478262,87611.16,0.04,5724013726,5724013726,1767243669575,False,True,2026-01-01 05:01:09.575
3800478263,87611.16,0.015,5724013727,5724013727,1767243669577,False,True,2026-01-01 05:01:09.577
3800478264,87611.16,0.015,5724013728,5724013728,1767243669578,False,True,2026-01-01 05:01:09.578
3800478265,87611.16,0.015,5724013729,5724013729,1767243669579,False,True,2026-01-01 05:01:09.579
3800478266,87611.16,0.015,5724013730,5724013730,1767243669579,False,True,2026-01-01 05:01:09.579
3800478267,87611.16,0.015,5724013731,5724013731,1767243669579,False,True,2026-01-01 05:01:09.579
3800478268,87611.16,0.015,5724013732,5724013732,1767243669579,False,True,2026-01-01 05:01:09.579
3800478269,87611.16,0.015,5724013733,5724013733,1767243669579,False,True,2026-01-01 05:01:09.579
3800478270,87611.16,0.00276,5724013734,5724013773,1767243669584,False,True,2026-01-01 05:01:09.584
3800478271,87611.17,0.00108,5724013774,5724013791,1767243669584,False,True,2026-01-01 05:01:09.584
3800478272,87611.19,0.22164,5724013792,5724013792,1767243669584,False,True,2026-01-01 05:01:09.584
3800478273,87611.19,0.00497,5724013793,5724013793,1767243669586,False,True,2026-01-01 05:01:09.586
3800478274,87611.19,0.00246,5724013794,5724013829,1767243669596,False,True,2026-01-01 05:01:09.596
3800478275,87611.2,0.00108,5724013830,5724013847,1767243669596,False,True,2026-01-01 05:01:09.596
3800478276,87611.23,0.00018,5724013848,5724013850,1767243669596,False,True,2026-01-01 05:01:09.596
3800478277,87611.5,6e-05,5724013851,5724013851,1767243669596,False,True,2026-01-01 05:01:09.596
3800478278,87612.73,0.00018,5724013852,5724013854,1767243669596,False,True,2026-01-01 05:01:09.596
3800478279,87612.86,7e-05,5724013855,5724013855,1767243669596,False,True,2026-01-01 05:01:09.596
3800478280,87613.07,0.00039,5724013856,5724013860,1767243669596,False,True,2026-01-01 05:01:09.596
3800478281,87613.42,0.00274,5724013861,5724013867,1767243669596,False,True,2026-01-01 05:01:09.596
3800478282,87613.69,6e-05,5724013868,5724013868,1767243669596,False,True,2026-01-01 05:01:09.596
3800478283,87614.47,6e-05,5724013869,5724013869,1767243669596,False,True,2026-01-01 05:01:09.596
3800478284,87614.61,6e-05,5724013870,5724013870,1767243669596,False,True,2026-01-01 05:01:09.596
3800478285,87614.95,0.00018,5724013871,5724013873,1767243669596,False,True,2026-01-01 05:01:09.596
3800478286,87614.96,0.04089,5724013874,5724013880,1767243669596,False,True,2026-01-01 05:01:09.596
3800478287,87615.34,7e-05,5724013881,5724013881,1767243669596,False,True,2026-01-01 05:01:09.596
3800478288,87615.45,6e-05,5724013882,5724013882,1767243669596,False,True,2026-01-01 05:01:09.596
3800478289,87615.52,0.00018,5724013883,5724013885,1767243669596,False,True,2026-01-01 05:01:09.596
3800478290,87615.53,0.01162,5724013886,5724013889,1767243669596,False,True,2026-01-01 05:01:09.596
3800478291,87615.62,6e-05,5724013890,5724013890,1767243669596,False,True,2026-01-01 05:01:09.596
3800478292,87615.66,0.0196,5724013891,5724013893,1767243669596,False,True,2026-01-01 05:01:09.596
3800478293,87615.66,0.02,5724013894,5724013894,1767243669596,False,True,2026-01-01 05:01:09.596
3800478294,87615.66,0.04,5724013895,5724013895,1767243669596,False,True,2026-01-01 05:01:09.596
3800478295,87615.66,0.01,5724013896,5724013896,1767243669596,False,True,2026-01-01 05:01:09.596
3800478296,87615.66,7e-05,5724013897,5724013898,1767243669599,False,True,2026-01-01 05:01:09.599
3800478297,87615.66,0.00026,5724013899,5724013901,1767243669691,False,True,2026-01-01 05:01:09.691
3800478298,87615.66,7e-05,5724013902,5724013902,1767243669784,False,True,2026-01-01 05:01:09.784
3800478299,87615.66,0.145,5724013903,5724013903,1767243670048,False,True,2026-01-01 05:01:10.048
3800478300,87615.65,0.0004,5724013904,5724013904,1767243671412,True,True,2026-01-01 05:01:11.412
3800478301,87615.66,0.00639,5724013905,5724013938,1767243671866,False,True,2026-01-01 05:01:11.866
3800478302,87615.66,0.00259,5724013939,5724013939,1767243671866,False,True,2026-01-01 05:01:11.866
3800478303,87615.66,0.00894,5724013940,5724013976,1767243671873,False,True,2026-01-01 05:01:11.873
3800478304,87615.67,0.00147,5724013977,5724013999,1767243671873,False,True,2026-01-01 05:01:11.873
3800478305,87615.68,0.00027,5724014000,5724014002,1767243671873,False,True,2026-01-01 05:01:11.873
3800478306,87615.79,7e-05,5724014003,5724014003,1767243671873,False,True,2026-01-01 05:01:11.873
3800478307,87616.3,0.00115,5724014004,5724014004,1767243671873,False,True,2026-01-01 05:01:11.873
3800478308,87616.4,0.00018,5724014005,5724014007,1767243671873,False,True,2026-01-01 05:01:11.873
3800478309,87616.41,0.00025,5724014008,5724014008,1767243671873,False,True,2026-01-01 05:01:11.873
3800478310,87616.41,0.01369,5724014009,5724014022,1767243671880,False,True,2026-01-01 05:01:11.880
3800478311,87616.41,0.00135,5724014023,5724014023,1767243671880,False,True,2026-01-01 05:01:11.880
3800478312,87616.41,0.00684,5724014024,5724014024,1767243671880,False,True,2026-01-01 05:01:11.880
3800478313,87616.41,0.01493,5724014025,5724014025,1767243671880,False,True,2026-01-01 05:01:11.880
3800478314,87616.41,0.00218,5724014026,5724014056,1767243671882,False,True,2026-01-01 05:01:11.882
3800478315,87616.41,0.00034,5724014057,5724014061,1767243671882,False,True,2026-01-01 05:01:11.882
3800478316,87616.42,0.00108,5724014062,5724014079,1767243671882,False,True,2026-01-01 05:01:11.882
3800478317,87616.45,0.00123,5724014080,5724014083,1767243671882,False,True,2026-01-01 05:01:11.882
3800478318,87616.97,0.00018,5724014084,5724014086,1767243671882,False,True,2026-01-01 05:01:11.882
3800478319,87616.98,0.01369,5724014087,5724014087,1767243671882,False,True,2026-01-01 05:01:11.882
3800478320,87616.98,0.00684,5724014088,5724014088,1767243671884,False,True,2026-01-01 05:01:11.884
3800478321,87616.98,0.00456,5724014089,5724014089,1767243671885,False,True,2026-01-01 05:01:11.885
3800478322,87616.98,0.00257,5724014090,5724014090,1767243671885,False,True,2026-01-01 05:01:11.885
3800478323,87616.98,0.00267,5724014091,5724014091,1767243671886,False,True,2026-01-01 05:01:11.886
3800478324,87616.98,0.00522,5724014092,5724014157,1767243671924,False,True,2026-01-01 05:01:11.924
3800478325,87616.99,0.00159,5724014158,5724014182,1767243671924,False,True,2026-01-01 05:01:11.924
3800478326,87617.12,6e-05,5724014183,5724014183,1767243671924,False,True,2026-01-01 05:01:11.924
3800478327,87617.2,0.00051,5724014184,5724014190,1767243671924,False,True,2026-01-01 05:01:11.924
3800478328,87617.32,0.00018,5724014191,5724014193,1767243671924,False,True,2026-01-01 05:01:11.924
3800478329,87617.33,0.01009,5724014194,5724014200,1767243671924,False,True,2026-01-01 05:01:11.924
3800478330,87618.08,6e-05,5724014201,5724014201,1767243671924,False,True,2026-01-01 05:01:11.924
3800478331,87618.72,7e-05,5724014202,5724014202,1767243671924,False,True,2026-01-01 05:01:11.924
3800478332,87619.16,6e-05,5724014203,5724014203,1767243671924,False,True,2026-01-01 05:01:11.924
3800478333,87619.65,0.00018,5724014204,5724014206,1767243671924,False,True,2026-01-01 05:01:11.924
3800478334,87619.99,0.00018,5724014207,5724014209,1767243671924,False,True,2026-01-01 05:01:11.924
3800478335,87620.0,0.0018,5724014210,5724014210,1767243671924,False,True,2026-01-01 05:01:11.924
3800478336,87620.0,0.01,5724014211,5724014211,1767243671924,False,True,2026-01-01 05:01:11.924
3800478337,87620.0,0.015,5724014212,5724014250,1767243671932,False,True,2026-01-01 05:01:11.932
3800478338,87620.0,0.00093,5724014251,5724014253,1767243671932,False,True,2026-01-01 05:01:11.932
3800478339,87620.01,0.00096,5724014254,5724014269,1767243671932,False,True,2026-01-01 05:01:11.932
3800478340,87620.5,6e-05,5724014270,5724014270,1767243671932,False,True,2026-01-01 05:01:11.932
3800478341,87620.68,9e-05,5724014271,5724014271,1767243671932,False,True,2026-01-01 05:01:11.932
3800478342,87621.6,0.00045,5724014272,5724014277,1767243671932,False,True,2026-01-01 05:01:11.932
3800478343,87621.65,7e-05,5724014278,5724014278,1767243671932,False,True,2026-01-01 05:01:11.932
3800478344,87621.95,0.00018,5724014279,5724014281,1767243671932,False,True,2026-01-01 05:01:11.932
3800478345,87621.96,0.0003,5724014282,5724014286,1767243671932,False,True,2026-01-01 05:01:11.932
3800478346,87622.0,0.00118,5724014287,5724014290,1767243671932,False,True,2026-01-01 05:01:11.932
3800478347,87622.01,0.00259,5724014291,5724014291,1767243671932,False,True,2026-01-01 05:01:11.932
3800478348,87622.4,0.00018,5724014292,5724014294,1767243671932,False,True,2026-01-01 05:01:11.932
3800478349,87622.41,0.00801,5724014295,5724014295,1767243671932,False,True,2026-01-01 05:01:11.932
3800478350,87622.41,0.015,5724014296,5724014296,1767243671932,False,True,2026-01-01 05:01:11.932
3800478351,87622.41,0.015,5724014297,5724014297,1767243671933,False,True,2026-01-01 05:01:11.933
3800478352,87622.41,0.00079,5724014298,5724014303,1767243671933,False,True,2026-01-01 05:01:11.933
3800478353,87622.71,0.00018,5724014304,5724014306,1767243671933,False,True,2026-01-01 05:01:11.933
3800478354,87622.72,0.00012,5724014307,5724014308,1767243671933,False,True,2026-01-01 05:01:11.933
3800478355,87622.89,0.00018,5724014309,5724014311,1767243671933,False,True,2026-01-01 05:01:11.933
3800478356,87622.9,0.0003,5724014312,5724014316,1767243671933,False,True,2026-01-01 05:01:11.933
3800478357,87623.27,6e-05,5724014317,5724014317,1767243671933,False,True,2026-01-01 05:01:11.933
3800478358,87623.28,0.01337,5724014318,5724014318,1767243671933,False,True,2026-01-01 05:01:11.933
3800478359,87623.28,0.015,5724014319,5724014319,1767243671933,False,True,2026-01-01 05:01:11.933
3800478360,87623.28,0.00759,5724014320,5724014332,1767243671936,False,True,2026-01-01 05:01:11.936
3800478361,87623.29,0.00063,5724014333,5724014341,1767243671936,False,True,2026-01-01 05:01:11.936
3800478362,87623.3,0.00039,5724014342,5724014346,1767243671936,False,True,2026-01-01 05:01:11.936
3800478363,87623.31,9e-05,5724014347,5724014347,1767243671936,False,True,2026-01-01 05:01:11.936
3800478364,87623.32,9e-05,5724014348,5724014348,1767243671936,False,True,2026-01-01 05:01:11.936
3800478365,87623.37,0.00057,5724014349,5724014349,1767243671936,False,True,2026-01-01 05:01:11.936
3800478366,87623.46,6e-05,5724014350,5724014350,1767243671936,False,True,2026-01-01 05:01:11.936
3800478367,87623.8,0.0025,5724014351,5724014351,1767243671936,False,True,2026-01-01 05:01:11.936
3800478368,87624.0,0.001,5724014352,5724014352,1767243671936,False,True,2026-01-01 05:01:11.936
3800478369,87624.36,0.00012,5724014353,5724014353,1767243671936,False,True,2026-01-01 05:01:11.936
3800478370,87624.4,6e-05,5724014354,5724014354,1767243671936,False,True,2026-01-01 05:01:11.936
3800478371,87624.51,0.00012,5724014355,5724014356,1767243671936,False,True,2026-01-01 05:01:11.936
3800478372,87624.57,0.00178,5724014357,5724014357,1767243671936,False,True,2026-01-01 05:01:11.936
3800478373,87624.56,8e-05,5724014358,5724014358,1767243672241,True,True,2026-01-01 05:01:12.241
3800478374,87624.57,0.005,5724014359,5724014359,1767243672253,False,True,2026-01-01 05:01:12.253
3800478375,87624.57,0.00021,5724014360,5724014360,1767243673276,False,True,2026-01-01 05:01:13.276
3800478376,87624.57,0.015,5724014361,5724014361,1767243673346,False,True,2026-01-01 05:01:13.346
3800478377,87624.57,0.015,5724014362,5724014362,1767243673347,False,True,2026-01-01 05:01:13.347
3800478378,87624.57,0.015,5724014363,5724014363,1767243673347,False,True,2026-01-01 05:01:13.347
3800478379,87624.57,0.015,5724014364,5724014364,1767243673347,False,True,2026-01-01 05:01:13.347
3800478380,87624.57,0.015,5724014365,5724014365,1767243673347,False,True,2026-01-01 05:01:13.347
3800478381,87624.57,0.015,5724014366,5724014366,1767243673348,False,True,2026-01-01 05:01:13.348
3800478382,87624.57,0.015,5724014367,5724014367,1767243673348,False,True,2026-01-01 05:01:13.348
3800478383,87624.56,0.00036,5724014368,5724014368,1767243673942,True,True,2026-01-01 05:01:13.942
3800478384,87624.57,9e-05,5724014369,5724014369,1767243674036,False,True,2026-01-01 05:01:14.036
3800478385,87624.56,0.00137,5724014370,5724014370,1767243674257,True,True,2026-01-01 05:01:14.257
3800478386,87624.57,0.00057,5724014371,5724014371,1767243674378,False,True,2026-01-01 05:01:14.378
3800478387,87624.56,0.00361,5724014372,5724014372,1767243675079,True,True,2026-01-01 05:01:15.079
3800478388,87624.57,0.00089,5724014373,5724014373,1767243675274,False,True,2026-01-01 05:01:15.274
3800478389,87624.57,0.00684,5724014374,5724014374,1767243675933,False,True,2026-01-01 05:01:15.933
3800478390,87624.57,0.0001,5724014375,5724014375,1767243677107,False,True,2026-01-01 05:01:17.107
3800478391,87624.57,0.00061,5724014376,5724014376,1767243677502,False,True,2026-01-01 05:01:17.502
3800478392,87624.57,0.00034,5724014377,5724014380,1767243678216,False,True,2026-01-01 05:01:18.216
3800478393,87624.57,0.00028,5724014381,5724014385,1767243678329,False,True,2026-01-01 05:01:18.329
3800478394,87624.57,0.015,5724014386,5724014429,1767243678471,False,True,2026-01-01 05:01:18.471
3800478395,87624.57,0.015,5724014430,5724014437,1767243678471,False,True,2026-01-01 05:01:18.471
3800478396,87624.57,0.015,5724014438,5724014438,1767243678472,False,True,2026-01-01 05:01:18.472
3800478397,87624.57,0.00485,5724014439,5724014458,1767243678472,False,True,2026-01-01 05:01:18.472
3800478398,87624.58,0.0013,5724014459,5724014478,1767243678472,False,True,2026-01-01 05:01:18.472
3800478399,87624.59,0.00027,5724014479,5724014481,1767243678472,False,True,2026-01-01 05:01:18.472
3800478400,87625.07,0.00048,5724014482,5724014489,1767243678474,False,True,2026-01-01 05:01:18.474
3800478401,87625.08,0.00042,5724014490,5724014496,1767243678474,False,True,2026-01-01 05:01:18.474
3800478402,87625.36,0.00018,5724014497,5724014499,1767243678474,False,True,2026-01-01 05:01:18.474
3800478403,87625.37,0.00021,5724014500,5724014502,1767243678474,False,True,2026-01-01 05:01:18.474
3800478404,87625.89,0.00018,5724014503,5724014505,1767243678474,False,True,2026-01-01 05:01:18.474
3800478405,87625.98,6e-05,5724014506,5724014506,1767243678474,False,True,2026-01-01 05:01:18.474
3800478406,87626.0,0.00109,5724014507,5724014508,1767243678474,False,True,2026-01-01 05:01:18.474
3800478407,87626.07,0.00018,5724014509,5724014511,1767243678474,False,True,2026-01-01 05:01:18.474
3800478408,87626.08,6e-05,5724014512,5724014512,1767243678474,False,True,2026-01-01 05:01:18.474
3800478409,87626.78,6e-05,5724014513,5724014513,1767243678474,False,True,2026-01-01 05:01:18.474
3800478410,87626.82,0.00018,5724014514,5724014516,1767243678474,False,True,2026-01-01 05:01:18.474
3800478411,87626.86,6e-05,5724014517,5724014517,1767243678474,False,True,2026-01-01 05:01:18.474
3800478412,87626.88,0.00114,5724014518,5724014518,1767243678474,False,True,2026-01-01 05:01:18.474
3800478413,87627.43,0.00018,5724014519,5724014521,1767243678474,False,True,2026-01-01 05:01:18.474
3800478414,87627.44,0.00012,5724014522,5724014523,1767243678474,False,True,2026-01-01 05:01:18.474
3800478415,87627.51,7e-05,5724014524,5724014524,1767243678474,False,True,2026-01-01 05:01:18.474
3800478416,87628.0,0.0009,5724014525,5724014525,1767243678474,False,True,2026-01-01 05:01:18.474
3800478417,87628.0,0.00169,5724014526,5724014548,1767243678477,False,True,2026-01-01 05:01:18.477
3800478418,87628.01,0.00024,5724014549,5724014552,1767243678477,False,True,2026-01-01 05:01:18.477
3800478419,87628.79,6e-05,5724014553,5724014553,1767243678477,False,True,2026-01-01 05:01:18.477
3800478420,87628.95,0.00118,5724014554,5724014557,1767243678477,False,True,2026-01-01 05:01:18.477
3800478421,87628.96,9e-05,5724014558,5724014558,1767243678477,False,True,2026-01-01 05:01:18.477
3800478422,87628.97,9e-05,5724014559,5724014559,1767243678477,False,True,2026-01-01 05:01:18.477
3800478423,87629.34,0.00018,5724014560,5724014562,1767243678477,False,True,2026-01-01 05:01:18.477
3800478424,87629.35,0.00012,5724014563,5724014564,1767243678477,False,True,2026-01-01 05:01:18.477
3800478425,87629.46,9e-05,5724014565,5724014565,1767243678477,False,True,2026-01-01 05:01:18.477
3800478426,87629.62,6e-05,5724014566,5724014566,1767243678477,False,True,2026-01-01 05:01:18.477
3800478427,87629.67,0.00018,5724014567,5724014569,1767243678477,False,True,2026-01-01 05:01:18.477
3800478428,87629.68,0.00012,5724014570,5724014571,1767243678477,False,True,2026-01-01 05:01:18.477
3800478429,87630.0,0.0018,5724014572,5724014573,1767243678477,False,True,2026-01-01 05:01:18.477
3800478430,87630.28,0.00259,5724014574,5724014574,1767243678477,False,True,2026-01-01 05:01:18.477
3800478431,87630.44,7e-05,5724014575,5724014575,1767243678477,False,True,2026-01-01 05:01:18.477
3800478432,87630.67,7e-05,5724014576,5724014576,1767243678477,False,True,2026-01-01 05:01:18.477
3800478433,87630.7,0.00046,5724014577,5724014577,1767243678477,False,True,2026-01-01 05:01:18.477
3800478434,87631.03,0.003,5724014578,5724014578,1767243678477,False,True,2026-01-01 05:01:18.477
3800478435,87631.1,0.00012,5724014579,5724014580,1767243678477,False,True,2026-01-01 05:01:18.477
3800478436,87631.11,0.00279,5724014581,5724014581,1767243678477,False,True,2026-01-01 05:01:18.477
3800478437,87631.11,0.015,5724014582,5724014582,1767243678478,False,True,2026-01-01 05:01:18.478
3800478438,87631.11,0.00858,5724014583,5724014583,1767243678478,False,True,2026-01-01 05:01:18.478
3800478439,87631.11,0.015,5724014584,5724014584,1767243678479,False,True,2026-01-01 05:01:18.479
3800478440,87631.11,7e-05,5724014585,5724014586,1767243678481,False,True,2026-01-01 05:01:18.481
3800478441,87631.11,0.002,5724014587,5724014607,1767243678482,False,True,2026-01-01 05:01:18.482
3800478442,87631.11,0.02,5724014608,5724014608,1767243678482,False,True,2026-01-01 05:01:18.482
3800478443,87631.11,0.012,5724014609,5724014609,1767243678497,False,True,2026-01-01 05:01:18.497
3800478444,87631.11,0.015,5724014610,5724014657,1767243679047,False,True,2026-01-01 05:01:19.047
3800478445,87631.11,0.015,5724014658,5724014677,1767243679050,False,True,2026-01-01 05:01:19.050
3800478446,87631.11,0.015,5724014678,5724014678,1767243679050,False,True,2026-01-01 05:01:19.050
3800478447,87631.11,0.015,5724014679,5724014679,1767243679050,False,True,2026-01-01 05:01:19.050
3800478448,87631.11,0.00042,5724014680,5724014685,1767243679051,False,True,2026-01-01 05:01:19.051
3800478449,87631.12,0.00153,5724014686,5724014709,1767243679051,False,True,2026-01-01 05:01:19.051
3800478450,87631.13,0.00027,5724014710,5724014712,1767243679051,False,True,2026-01-01 05:01:19.051
3800478451,87631.56,0.015,5724014713,5724014717,1767243679056,False,True,2026-01-01 05:01:19.056
3800478452,87631.56,0.015,5724014718,5724014718,1767243679057,False,True,2026-01-01 05:01:19.057
3800478453,87631.56,0.01278,5724014719,5724014719,1767243679059,False,True,2026-01-01 05:01:19.059
3800478454,87631.56,0.00111,5724014720,5724014735,1767243679887,False,True,2026-01-01 05:01:19.887
3800478455,87631.56,0.0002,5724014736,5724014738,1767243679968,False,True,2026-01-01 05:01:19.968
3800478456,87631.56,6e-05,5724014739,5724014740,1767243680116,False,True,2026-01-01 05:01:20.116
3800478457,87631.56,0.00031,5724014741,5724014745,1767243680298,False,True,2026-01-01 05:01:20.298
3800478458,87631.56,0.0058,5724014746,5724014779,1767243680409,False,True,2026-01-01 05:01:20.409
3800478459,87631.55,0.00072,5724014780,5724014780,1767243680561,True,True,2026-01-01 05:01:20.561
3800478460,87631.56,0.015,5724014781,5724014781,1767243680664,False,True,2026-01-01 05:01:20.664
3800478461,87631.56,0.015,5724014782,5724014782,1767243680665,False,True,2026-01-01 05:01:20.665
3800478462,87631.56,0.015,5724014783,5724014783,1767243680665,False,True,2026-01-01 05:01:20.665
3800478463,87631.56,0.015,5724014784,5724014784,1767243680665,False,True,2026-01-01 05:01:20.665
3800478464,87631.56,0.015,5724014785,5724014785,1767243680665,False,True,2026-01-01 05:01:20.665
3800478465,87631.56,0.00183,5724014786,5724014810,1767243680665,False,True,2026-01-01 05:01:20.665
3800478466,87631.57,0.00153,5724014811,5724014834,1767243680665,False,True,2026-01-01 05:01:20.665
3800478467,87631.73,0.00027,5724014835,5724014837,1767243680665,False,True,2026-01-01 05:01:20.665
3800478468,87631.92,0.0813,5724014838,5724014875,1767243680671,False,True,2026-01-01 05:01:20.671
3800478469,87631.92,0.015,5724014876,5724014876,1767243680672,False,True,2026-01-01 05:01:20.672
3800478470,87631.92,0.01137,5724014877,5724014877,1767243680672,False,True,2026-01-01 05:01:20.672
3800478471,87631.92,0.00321,5724014878,5724014878,1767243680730,False,True,2026-01-01 05:01:20.730
3800478472,87631.92,0.00114,5724014879,5724014894,1767243681487,False,True,2026-01-01 05:01:21.487
3800478473,87631.91,0.0001,5724014895,5724014895,1767243681666,True,True,2026-01-01 05:01:21.666
3800478474,87631.92,0.00015,5724014896,5724014897,1767243681995,False,True,2026-01-01 05:01:21.995
3800478475,87631.92,5e-05,5724014898,5724014899,1767243682005,False,True,2026-01-01 05:01:22.005
3800478476,87631.91,0.00021,5724014900,5724014900,1767243682262,True,True,2026-01-01 05:01:22.262
3800478477,87631.92,0.00036,5724014901,5724014905,1767243682287,False,True,2026-01-01 05:01:22.287
3800478478,87631.92,0.015,5724014906,5724014908,1767243682542,False,True,2026-01-01 05:01:22.542
3800478479,87631.92,0.015,5724014909,5724014909,1767243682543,False,True,2026-01-01 05:01:22.543
3800478480,87631.92,0.015,5724014910,5724014910,1767243682543,False,True,2026-01-01 05:01:22.543
3800478481,87631.92,0.015,5724014911,5724014911,1767243682543,False,True,2026-01-01 05:01:22.543
3800478482,87631.92,0.015,5724014912,5724014912,1767243682543,False,True,2026-01-01 05:01:22.543
3800478483,87631.92,0.015,5724014913,5724014913,1767243682543,False,True,2026-01-01 05:01:22.543
3800478484,87631.92,0.00162,5724014914,5724014935,1767243682546,False,True,2026-01-01 05:01:22.546
3800478485,87631.93,0.00135,5724014936,5724014956,1767243682546,False,True,2026-01-01 05:01:22.546
3800478486,87631.98,0.00018,5724014957,5724014959,1767243682546,False,True,2026-01-01 05:01:22.546
3800478487,87632.0,0.00207,5724014960,5724014964,1767243682546,False,True,2026-01-01 05:01:22.546
3800478488,87632.12,6e-05,5724014965,5724014965,1767243682546,False,True,2026-01-01 05:01:22.546
3800478489,87632.6,0.00972,5724014966,5724014976,1767243682553,False,True,2026-01-01 05:01:22.553
3800478490,87632.6,0.00015,5724014977,5724014977,1767243682560,False,True,2026-01-01 05:01:22.560
3800478491,87632.6,0.00051,5724014978,5724014985,1767243682571,False,True,2026-01-01 05:01:22.571
3800478492,87632.6,0.00171,5724014986,5724015009,1767243682571,False,True,2026-01-01 05:01:22.571
3800478493,87632.61,0.00108,5724015010,5724015027,1767243682571,False,True,2026-01-01 05:01:22.571
3800478494,87632.78,0.00018,5724015028,5724015030,1767243682571,False,True,2026-01-01 05:01:22.571
3800478495,87632.79,0.00302,5724015031,5724015031,1767243682571,False,True,2026-01-01 05:01:22.571
3800478496,87632.79,0.04,5724015032,5724015032,1767243682583,False,True,2026-01-01 05:01:22.583
3800478497,87632.79,0.04037,5724015033,5724015073,1767243682583,False,True,2026-01-01 05:01:22.583
3800478498,87632.8,0.00108,5724015074,5724015091,1767243682583,False,True,2026-01-01 05:01:22.583
3800478499,87633.0,6e-05,5724015092,5724015092,1767243682583,False,True,2026-01-01 05:01:22.583
3800478500,87633.07,6e-05,5724015093,5724015093,1767243682583,False,True,2026-01-01 05:01:22.583
3800478501,87633.18,6e-05,5724015094,5724015094,1767243682583,False,True,2026-01-01 05:01:22.583
3800478502,87633.37,7e-05,5724015095,5724015095,1767243682583,False,True,2026-01-01 05:01:22.583
3800478503,87634.0,0.00225,5724015096,5724015103,1767243682583,False,True,2026-01-01 05:01:22.583
3800478504,87634.61,6e-05,5724015104,5724015104,1767243682583,False,True,2026-01-01 05:01:22.583
3800478505,87634.72,0.00018,5724015105,5724015107,1767243682583,False,True,2026-01-01 05:01:22.583
3800478506,87634.73,0.00039,5724015108,5724015112,1767243682583,False,True,2026-01-01 05:01:22.583
3800478507,87635.08,0.00192,5724015113,5724015114,1767243682583,False,True,2026-01-01 05:01:22.583
3800478508,87635.58,0.00021,5724015115,5724015117,1767243682583,False,True,2026-01-01 05:01:22.583
3800478509,87635.88,0.0006,5724015118,5724015118,1767243682583,False,True,2026-01-01 05:01:22.583
3800478510,87636.0,0.0018,5724015119,5724015120,1767243682583,False,True,2026-01-01 05:01:22.583
3800478511,87636.3,7e-05,5724015121,5724015121,1767243682583,False,True,2026-01-01 05:01:22.583
3800478512,87636.34,0.00018,5724015122,5724015124,1767243682583,False,True,2026-01-01 05:01:22.583
3800478513,87636.35,0.00012,5724015125,5724015126,1767243682583,False,True,2026-01-01 05:01:22.583
3800478514,87636.36,0.00012,5724015127,5724015128,1767243682583,False,True,2026-01-01 05:01:22.583
3800478515,87636.51,6e-05,5724015129,5724015129,1767243682583,False,True,2026-01-01 05:01:22.583
3800478516,87637.06,0.00018,5724015130,5724015132,1767243682583,False,True,2026-01-01 05:01:22.583
3800478517,87637.07,0.00012,5724015133,5724015134,1767243682583,False,True,2026-01-01 05:01:22.583
3800478518,87637.39,0.00922,5724015135,5724015137,1767243682583,False,True,2026-01-01 05:01:22.583
3800478519,87637.57,6e-05,5724015138,5724015138,1767243682583,False,True,2026-01-01 05:01:22.583
3800478520,87637.66,0.02076,5724015139,5724015139,1767243682583,False,True,2026-01-01 05:01:22.583
3800478521,87637.66,7e-05,5724015140,5724015140,1767243682583,False,True,2026-01-01 05:01:22.583
3800478522,87637.66,0.01341,5724015141,5724015141,1767243682584,False,True,2026-01-01 05:01:22.584
3800478523,87638.0,0.0018,5724015142,5724015143,1767243682584,False,True,2026-01-01 05:01:22.584
3800478524,87638.24,9e-05,5724015144,5724015144,1767243682584,False,True,2026-01-01 05:01:22.584
3800478525,87638.51,0.00057,5724015145,5724015145,1767243682584,False,True,2026-01-01 05:01:22.584
3800478526,87638.66,6e-05,5724015146,5724015146,1767243682584,False,True,2026-01-01 05:01:22.584
3800478527,87639.01,0.06407,5724015147,5724015149,1767243682584,False,True,2026-01-01 05:01:22.584
3800478528,87639.01,0.0002,5724015150,5724015150,1767243683273,False,True,2026-01-01 05:01:23.273
3800478529,87639.01,0.00024,5724015151,5724015151,1767243684136,False,True,2026-01-01 05:01:24.136
3800478530,87639.01,0.00031,5724015152,5724015152,1767243684186,False,True,2026-01-01 05:01:24.186
3800478531,87639.01,0.015,5724015153,5724015153,1767243685204,False,True,2026-01-01 05:01:25.204
3800478532,87639.01,0.015,5724015154,5724015154,1767243685204,False,True,2026-01-01 05:01:25.204
3800478533,87639.01,0.015,5724015155,5724015155,1767243685205,False,True,2026-01-01 05:01:25.205
3800478534,87639.01,0.015,5724015156,5724015156,1767243685205,False,True,2026-01-01 05:01:25.205
3800478535,87639.01,0.015,5724015157,5724015157,1767243685205,False,True,2026-01-01 05:01:25.205
3800478536,87639.01,0.015,5724015158,5724015158,1767243685206,False,True,2026-01-01 05:01:25.206
3800478537,87639.01,0.015,5724015159,5724015159,1767243685206,False,True,2026-01-01 05:01:25.206
3800478538,87639.01,0.00027,5724015160,5724015160,1767243687728,False,True,2026-01-01 05:01:27.728
3800478539,87639.01,0.00803,5724015161,5724015161,1767243688007,False,True,2026-01-01 05:01:28.007
3800478540,87639.01,6e-05,5724015162,5724015162,1767243688206,False,True,2026-01-01 05:01:28.206
3800478541,87639.01,0.00021,5724015163,5724015163,1767243688215,False,True,2026-01-01 05:01:28.215
3800478542,87639.0,0.0006,5724015164,5724015164,1767243688404,True,True,2026-01-01 05:01:28.404
3800478543,87639.01,0.00178,5724015165,5724015165,1767243690225,False,True,2026-01-01 05:01:30.225
3800478544,87639.0,0.00014,5724015166,5724015166,1767243691155,True,True,2026-01-01 05:01:31.155
3800478545,87639.01,7e-05,5724015167,5724015167,1767243691179,False,True,2026-01-01 05:01:31.179
3800478546,87639.01,0.0001,5724015168,5724015168,1767243691239,False,True,2026-01-01 05:01:31.239
3800478547,87639.01,0.015,5724015169,5724015169,1767243691632,False,True,2026-01-01 05:01:31.632
3800478548,87639.01,0.015,5724015170,5724015170,1767243691633,False,True,2026-01-01 05:01:31.633
3800478549,87639.01,0.0001,5724015171,5724015171,1767243691692,False,True,2026-01-01 05:01:31.692
3800478550,87639.01,0.015,5724015172,5724015172,1767243691749,False,True,2026-01-01 05:01:31.749
3800478551,87639.01,0.00063,5724015173,5724015173,1767243692042,False,True,2026-01-01 05:01:32.042
3800478552,87639.01,0.015,5724015174,5724015174,1767243692534,False,True,2026-01-01 05:01:32.534
3800478553,87639.01,0.015,5724015175,5724015175,1767243692535,False,True,2026-01-01 05:01:32.535
3800478554,87639.01,0.015,5724015176,5724015177,1767243692535,False,True,2026-01-01 05:01:32.535
3800478555,87639.01,0.015,5724015178,5724015178,1767243692536,False,True,2026-01-01 05:01:32.536
3800478556,87639.01,0.00012,5724015179,5724015179,1767243692759,False,True,2026-01-01 05:01:32.759
3800478557,87639.01,6e-05,5724015180,5724015180,1767243692856,False,True,2026-01-01 05:01:32.856
3800478558,87639.01,0.00015,5724015181,5724015181,1767243693191,False,True,2026-01-01 05:01:33.191
3800478559,87639.01,7e-05,5724015182,5724015182,1767243693690,False,True,2026-01-01 05:01:33.690
3800478560,87639.01,0.00073,5724015183,5724015183,1767243693695,False,True,2026-01-01 05:01:33.695
3800478561,87639.0,0.00021,5724015184,5724015184,1767243694120,True,True,2026-01-01 05:01:34.120
3800478562,87639.01,5e-05,5724015185,5724015185,1767243694466,False,True,2026-01-01 05:01:34.466
3800478563,87639.0,0.00466,5724015186,5724015186,1767243696935,True,True,2026-01-01 05:01:36.935
3800478564,87639.01,0.00149,5724015187,5724015187,1767243698010,False,True,2026-01-01 05:01:38.010
3800478565,87639.01,0.00021,5724015188,5724015188,1767243699892,False,True,2026-01-01 05:01:39.892
3800478566,87639.0,0.0023,5724015189,5724015189,1767243702020,True,True,2026-01-01 05:01:42.020
3800478567,87639.01,0.002,5724015190,5724015190,1767243703091,False,True,2026-01-01 05:01:43.091
3800478568,87639.01,0.002,5724015191,5724015191,1767243703091,False,True,2026-01-01 05:01:43.091
3800478569,87639.01,0.002,5724015192,5724015192,1767243703091,False,True,2026-01-01 05:01:43.091
3800478570,87639.01,0.01,5724015193,5724015193,1767243703147,False,True,2026-01-01 05:01:43.147
3800478571,87639.01,0.002,5724015194,5724015194,1767243703147,False,True,2026-01-01 05:01:43.147
3800478572,87639.01,0.039,5724015195,5724015195,1767243703147,False,True,2026-01-01 05:01:43.147
3800478573,87639.01,0.08,5724015196,5724015196,1767243703147,False,True,2026-01-01 05:01:43.147
3800478574,87639.01,0.02,5724015197,5724015197,1767243703147,False,True,2026-01-01 05:01:43.147
3800478575,87639.01,0.002,5724015198,5724015198,1767243703147,False,True,2026-01-01 05:01:43.147
3800478576,87639.01,0.001,5724015199,5724015199,1767243703147,False,True,2026-01-01 05:01:43.147
3800478577,87639.01,0.002,5724015200,5724015200,1767243703148,False,True,2026-01-01 05:01:43.148
3800478578,87639.01,0.015,5724015201,5724015213,1767243703151,False,True,2026-01-01 05:01:43.151
3800478579,87639.01,0.015,5724015214,5724015217,1767243703151,False,True,2026-01-01 05:01:43.151
3800478580,87639.01,0.015,5724015218,5724015218,1767243703152,False,True,2026-01-01 05:01:43.152
3800478581,87639.01,0.015,5724015219,5724015219,1767243703152,False,True,2026-01-01 05:01:43.152
3800478582,87639.01,0.015,5724015220,5724015220,1767243703152,False,True,2026-01-01 05:01:43.152
3800478583,87639.01,0.015,5724015221,5724015225,1767243703152,False,True,2026-01-01 05:01:43.152
3800478584,87639.01,0.015,5724015226,5724015226,1767243703152,False,True,2026-01-01 05:01:43.152
3800478585,87639.01,0.00592,5724015227,5724015227,1767243703153,False,True,2026-01-01 05:01:43.153
3800478586,87639.01,0.012,5724015228,5724015237,1767243703175,False,True,2026-01-01 05:01:43.175
3800478587,87639.01,0.00523,5724015238,5724015240,1767243703236,False,True,2026-01-01 05:01:43.236
3800478588,87639.0,0.00058,5724015241,5724015241,1767243703273,True,True,2026-01-01 05:01:43.273
3800478589,87639.0,0.00057,5724015242,5724015242,1767243703902,True,True,2026-01-01 05:01:43.902
3800478590,87639.01,0.00062,5724015243,5724015243,1767243705544,False,True,2026-01-01 05:01:45.544
3800478591,87639.01,6e-05,5724015244,5724015244,1767243707193,False,True,2026-01-01 05:01:47.193
3800478592,87639.0,0.00021,5724015245,5724015245,1767243707252,True,True,2026-01-01 05:01:47.252
3800478593,87639.01,0.00015,5724015246,5724015246,1767243708055,False,True,2026-01-01 05:01:48.055
3800478594,87639.01,6e-05,5724015247,5724015247,1767243708601,False,True,2026-01-01 05:01:48.601
3800478595,87639.0,0.00061,5724015248,5724015248,1767243708623,True,True,2026-01-01 05:01:48.623
3800478596,87639.0,0.0002,5724015249,5724015249,1767243708804,True,True,2026-01-01 05:01:48.804
3800478597,87639.0,0.01368,5724015250,5724015250,1767243708843,True,True,2026-01-01 05:01:48.843
3800478598,87639.01,0.00013,5724015251,5724015251,1767243709027,False,True,2026-01-01 05:01:49.027
3800478599,87639.0,6e-05,5724015252,5724015252,1767243709773,True,True,2026-01-01 05:01:49.773
3800478600,87639.0,0.00024,5724015253,5724015253,1767243710600,True,True,2026-01-01 05:01:50.600
3800478601,87639.01,0.00034,5724015254,5724015254,1767243710629,False,True,2026-01-01 05:01:50.629
3800478602,87639.01,0.00061,5724015255,5724015255,1767243710649,False,True,2026-01-01 05:01:50.649
3800478603,87639.01,0.00011,5724015256,5724015256,1767243711180,False,True,2026-01-01 05:01:51.180
3800478604,87639.01,0.00047,5724015257,5724015257,1767243711673,False,True,2026-01-01 05:01:51.673
3800478605,87639.01,0.00281,5724015258,5724015258,1767243711838,False,True,2026-01-01 05:01:51.838
3800478606,87639.01,0.00026,5724015259,5724015259,1767243712046,False,True,2026-01-01 05:01:52.046
3800478607,87639.01,0.00021,5724015260,5724015260,1767243712424,False,True,2026-01-01 05:01:52.424
3800478608,87639.0,0.00061,5724015261,5724015261,1767243712815,True,True,2026-01-01 05:01:52.815
3800478609,87639.01,9e-05,5724015262,5724015262,1767243713784,False,True,2026-01-01 05:01:53.784
3800478610,87639.01,0.00021,5724015263,5724015263,1767243713796,False,True,2026-01-01 05:01:53.796
3800478611,87639.01,0.00061,5724015264,5724015264,1767243714536,False,True,2026-01-01 05:01:54.536
3800478612,87639.0,0.00025,5724015265,5724015265,1767243715114,True,True,2026-01-01 05:01:55.114
3800478613,87639.01,0.00018,5724015266,5724015266,1767243715860,False,True,2026-01-01 05:01:55.860
3800478614,87639.0,0.00061,5724015267,5724015267,1767243716164,True,True,2026-01-01 05:01:56.164
3800478615,87639.01,0.002,5724015268,5724015268,1767243716283,False,True,2026-01-01 05:01:56.283
3800478616,87639.01,0.00073,5724015269,5724015269,1767243716985,False,True,2026-01-01 05:01:56.985
3800478617,87639.01,0.00077,5724015270,5724015270,1767243717236,False,True,2026-01-01 05:01:57.236
3800478618,87639.01,0.03963,5724015271,5724015286,1767243717257,False,True,2026-01-01 05:01:57.257
3800478619,87639.01,0.0006,5724015287,5724015287,1767243717885,False,True,2026-01-01 05:01:57.885
3800478620,87639.0,0.00021,5724015288,5724015288,1767243718374,True,True,2026-01-01 05:01:58.374
3800478621,87639.01,0.00025,5724015289,5724015289,1767243718865,False,True,2026-01-01 05:01:58.865
3800478622,87639.01,0.01152,5724015290,5724015290,1767243719171,False,True,2026-01-01 05:01:59.171
3800478623,87639.0,0.0006,5724015291,5724015291,1767243719500,True,True,2026-01-01 05:01:59.500
3800478624,87639.01,0.03487,5724015292,5724015292,1767243719882,False,True,2026-01-01 05:01:59.882
3800478625,87639.0,0.0008,5724015293,5724015293,1767243720972,True,True,2026-01-01 05:02:00.972
3800478626,87639.01,0.00087,5724015294,5724015294,1767243720985,False,True,2026-01-01 05:02:00.985
3800478627,87639.01,0.03962,5724015295,5724015295,1767243721258,False,True,2026-01-01 05:02:01.258
3800478628,87639.0,0.00015,5724015296,5724015296,1767243721468,True,True,2026-01-01 05:02:01.468
3800478629,87639.01,0.00057,5724015297,5724015297,1767243722028,False,True,2026-01-01 05:02:02.028
3800478630,87639.01,0.0006,5724015298,5724015298,1767243722134,False,True,2026-01-01 05:02:02.134
3800478631,87639.0,0.00025,5724015299,5724015299,1767243722301,True,True,2026-01-01 05:02:02.301
3800478632,87639.0,0.00136,5724015300,5724015300,1767243722885,True,True,2026-01-01 05:02:02.885
3800478633,87639.01,0.00021,5724015301,5724015301,1767243723091,False,True,2026-01-01 05:02:03.091
3800478634,87639.01,0.00021,5724015302,5724015302,1767243723485,False,True,2026-01-01 05:02:03.485
3800478635,87639.0,0.00094,5724015303,5724015303,1767243723706,True,True,2026-01-01 05:02:03.706
3800478636,87639.0,0.0006,5724015304,5724015304,1767243723903,True,True,2026-01-01 05:02:03.903
3800478637,87639.01,0.015,5724015305,5724015305,1767243723913,False,True,2026-01-01 05:02:03.913
3800478638,87639.01,0.015,5724015306,5724015306,1767243723914,False,True,2026-01-01 05:02:03.914
3800478639,87639.01,7e-05,5724015307,5724015307,1767243723955,False,True,2026-01-01 05:02:03.955
3800478640,87639.01,0.00021,5724015308,5724015308,1767243725199,False,True,2026-01-01 05:02:05.199
3800478641,87639.01,0.0024,5724015309,5724015309,1767243725500,False,True,2026-01-01 05:02:05.500
3800478642,87639.01,0.00036,5724015310,5724015310,1767243725543,False,True,2026-01-01 05:02:05.543
3800478643,87639.01,6e-05,5724015311,5724015311,1767243725984,False,True,2026-01-01 05:02:05.984
3800478644,87639.01,0.015,5724015312,5724015312,1767243726660,False,True,2026-01-01 05:02:06.660
3800478645,87639.01,0.015,5724015313,5724015313,1767243726985,False,True,2026-01-01 05:02:06.985
3800478646,87639.01,0.00011,5724015314,5724015314,1767243727153,False,True,2026-01-01 05:02:07.153
3800478647,87639.01,0.00035,5724015315,5724015315,1767243727765,False,True,2026-01-01 05:02:07.765
3800478648,87639.01,0.012,5724015316,5724015316,1767243727883,False,True,2026-01-01 05:02:07.883
3800478649,87639.01,0.00084,5724015317,5724015317,1767243728423,False,True,2026-01-01 05:02:08.423
3800478650,87639.01,0.00253,5724015318,5724015318,1767243730150,False,True,2026-01-01 05:02:10.150
3800478651,87639.0,0.0002,5724015319,5724015319,1767243731386,True,True,2026-01-01 05:02:11.386
3800478652,87639.01,0.00025,5724015320,5724015320,1767243731584,False,True,2026-01-01 05:02:11.584
3800478653,87639.01,0.00027,5724015321,5724015321,1767243731718,False,True,2026-01-01 05:02:11.718
3800478654,87639.01,0.00012,5724015322,5724015322,1767243731833,False,True,2026-01-01 05:02:11.833
3800478655,87639.0,0.00113,5724015323,5724015323,1767243731839,True,True,2026-01-01 05:02:11.839
3800478656,87639.01,0.00603,5724015324,5724015324,1767243731882,False,True,2026-01-01 05:02:11.882
3800478657,87639.01,0.01141,5724015325,5724015325,1767243734044,False,True,2026-01-01 05:02:14.044
3800478658,87639.0,0.00025,5724015326,5724015326,1767243735341,True,True,2026-01-01 05:02:15.341
3800478659,87639.0,0.00021,5724015327,5724015327,1767243735374,True,True,2026-01-01 05:02:15.374
3800478660,87639.01,0.01,5724015328,5724015328,1767243736679,False,True,2026-01-01 05:02:16.679
3800478661,87639.0,0.01385,5724015329,5724015329,1767243738145,True,True,2026-01-01 05:02:18.145
3800478662,87639.01,0.00025,5724015330,5724015330,1767243738555,False,True,2026-01-01 05:02:18.555
3800478663,87639.01,0.015,5724015331,5724015331,1767243738666,False,True,2026-01-01 05:02:18.666
3800478664,87639.01,0.011,5724015332,5724015332,1767243740359,False,True,2026-01-01 05:02:20.359
3800478665,87639.01,0.02,5724015333,5724015333,1767243740925,False,True,2026-01-01 05:02:20.925
3800478666,87639.01,0.08,5724015334,5724015335,1767243740925,False,True,2026-01-01 05:02:20.925
3800478667,87639.01,0.04,5724015336,5724015346,1767243740925,False,True,2026-01-01 05:02:20.925
3800478668,87639.01,0.01,5724015347,5724015349,1767243740925,False,True,2026-01-01 05:02:20.925
3800478669,87639.01,0.01,5724015350,5724015350,1767243740926,False,True,2026-01-01 05:02:20.926
3800478670,87639.01,0.002,5724015351,5724015351,1767243740927,False,True,2026-01-01 05:02:20.927
3800478671,87639.01,0.002,5724015352,5724015358,1767243740927,False,True,2026-01-01 05:02:20.927
3800478672,87639.01,0.002,5724015359,5724015371,1767243740928,False,True,2026-01-01 05:02:20.928
3800478673,87639.01,0.002,5724015372,5724015372,1767243740928,False,True,2026-01-01 05:02:20.928
3800478674,87639.01,0.015,5724015373,5724015374,1767243740929,False,True,2026-01-01 05:02:20.929
3800478675,87639.01,0.015,5724015375,5724015377,1767243740930,False,True,2026-01-01 05:02:20.930
3800478676,87639.01,0.015,5724015378,5724015404,1767243740930,False,True,2026-01-01 05:02:20.930
3800478677,87639.01,0.015,5724015405,5724015421,1767243740930,False,True,2026-01-01 05:02:20.930
3800478678,87639.01,0.015,5724015422,5724015424,1767243740931,False,True,2026-01-01 05:02:20.931
3800478679,87639.01,0.015,5724015425,5724015426,1767243740931,False,True,2026-01-01 05:02:20.931
3800478680,87639.01,0.015,5724015427,5724015427,1767243740931,False,True,2026-01-01 05:02:20.931
3800478681,87639.01,0.00575,5724015428,5724015450,1767243740935,False,True,2026-01-01 05:02:20.935
3800478682,87639.01,0.012,5724015451,5724015451,1767243740955,False,True,2026-01-01 05:02:20.955
3800478683,87639.0,7e-05,5724015452,5724015452,1767243742176,True,True,2026-01-01 05:02:22.176
3800478684,87639.01,0.00035,5724015453,5724015453,1767243742278,False,True,2026-01-01 05:02:22.278
3800478685,87639.0,0.01451,5724015454,5724015454,1767243742958,True,True,2026-01-01 05:02:22.958
3800478686,87639.0,0.00227,5724015455,5724015455,1767243743830,True,True,2026-01-01 05:02:23.830
3800478687,87639.01,0.00011,5724015456,5724015456,1767243743881,False,True,2026-01-01 05:02:23.881
3800478688,87639.0,0.00011,5724015457,5724015457,1767243744022,True,True,2026-01-01 05:02:24.022
3800478689,87639.01,0.00214,5724015458,5724015458,1767243744082,False,True,2026-01-01 05:02:24.082
3800478690,87639.01,0.00106,5724015459,5724015459,1767243744114,False,True,2026-01-01 05:02:24.114
3800478691,87639.01,0.00053,5724015460,5724015464,1767243744149,False,True,2026-01-01 05:02:24.149
3800478692,87639.01,0.00012,5724015465,5724015466,1767243744369,False,True,2026-01-01 05:02:24.369
3800478693,87639.01,0.00135,5724015467,5724015471,1767243744903,False,True,2026-01-01 05:02:24.903
3800478694,87639.01,0.01152,5724015472,5724015485,1767243746953,False,True,2026-01-01 05:02:26.953
3800478695,87639.01,0.00018,5724015486,5724015486,1767243747012,False,True,2026-01-01 05:02:27.012
3800478696,87639.0,0.00879,5724015487,5724015487,1767243748656,True,True,2026-01-01 05:02:28.656
3800478697,87639.01,0.00034,5724015488,5724015488,1767243750029,False,True,2026-01-01 05:02:30.029
3800478698,87639.01,8e-05,5724015489,5724015489,1767243751497,False,True,2026-01-01 05:02:31.497
3800478699,87639.0,0.00031,5724015490,5724015490,1767243751599,True,True,2026-01-01 05:02:31.599
3800478700,87639.01,0.00379,5724015491,5724015491,1767243752053,False,True,2026-01-01 05:02:32.053
3800478701,87639.01,0.00286,5724015492,5724015492,1767243753226,False,True,2026-01-01 05:02:33.226
3800478702,87639.01,0.00017,5724015493,5724015493,1767243753746,False,True,2026-01-01 05:02:33.746
3800478703,87639.01,0.00102,5724015494,5724015494,1767243754417,False,True,2026-01-01 05:02:34.417
3800478704,87639.01,0.01142,5724015495,5724015495,1767243755103,False,True,2026-01-01 05:02:35.103
3800478705,87639.01,0.00337,5724015496,5724015496,1767243755901,False,True,2026-01-01 05:02:35.901
3800478706,87639.01,0.00062,5724015497,5724015497,1767243756964,False,True,2026-01-01 05:02:36.964
3800478707,87639.01,0.02,5724015498,5724015498,1767243757560,False,True,2026-01-01 05:02:37.560
3800478708,87639.0,0.00025,5724015499,5724015499,1767243758159,True,True,2026-01-01 05:02:38.159
3800478709,87639.01,0.00025,5724015500,5724015500,1767243759551,False,True,2026-01-01 05:02:39.551
3800478710,87639.01,0.024,5724015501,5724015523,1767243760072,False,True,2026-01-01 05:02:40.072
3800478711,87639.01,0.006,5724015524,5724015525,1767243760716,False,True,2026-01-01 05:02:40.716
3800478712,87639.01,0.012,5724015526,5724015526,1767243761064,False,True,2026-01-01 05:02:41.064
3800478713,87639.0,0.00019,5724015527,5724015527,1767243761274,True,True,2026-01-01 05:02:41.274
3800478714,87639.01,0.00017,5724015528,5724015528,1767243761531,False,True,2026-01-01 05:02:41.531
3800478715,87639.01,0.00024,5724015529,5724015529,1767243761752,False,True,2026-01-01 05:02:41.752
3800478716,87639.01,0.00115,5724015530,5724015530,1767243761787,False,True,2026-01-01 05:02:41.787
3800478717,87639.0,0.00285,5724015531,5724015531,1767243761966,True,True,2026-01-01 05:02:41.966
3800478718,87639.01,0.00336,5724015532,5724015532,1767243762134,False,True,2026-01-01 05:02:42.134
3800478719,87639.01,0.00168,5724015533,5724015533,1767243762159,False,True,2026-01-01 05:02:42.159
3800478720,87639.01,0.00084,5724015534,5724015534,1767243762246,False,True,2026-01-01 05:02:42.246
3800478721,87639.01,0.00042,5724015535,5724015535,1767243762259,False,True,2026-01-01 05:02:42.259
3800478722,87639.0,0.0114,5724015536,5724015536,1767243762940,True,True,2026-01-01 05:02:42.940
3800478723,87639.01,0.015,5724015537,5724015537,1767243762977,False,True,2026-01-01 05:02:42.977
3800478724,87639.01,0.015,5724015538,5724015538,1767243762977,False,True,2026-01-01 05:02:42.977
3800478725,87639.01,0.015,5724015539,5724015539,1767243762977,False,True,2026-01-01 05:02:42.977
3800478726,87639.01,0.015,5724015540,5724015540,1767243762977,False,True,2026-01-01 05:02:42.977
3800478727,87639.01,0.015,5724015541,5724015541,1767243762977,False,True,2026-01-01 05:02:42.977
3800478728,87639.01,0.015,5724015542,5724015562,1767243762977,False,True,2026-01-01 05:02:42.977
3800478729,87639.01,0.015,5724015563,5724015573,1767243762978,False,True,2026-01-01 05:02:42.978
3800478730,87639.0,0.00014,5724015574,5724015574,1767243763228,True,True,2026-01-01 05:02:43.228
3800478731,87639.0,0.00057,5724015575,5724015575,1767243764197,True,True,2026-01-01 05:02:44.197
3800478732,87639.01,0.00114,5724015576,5724015576,1767243766243,False,True,2026-01-01 05:02:46.243
3800478733,87639.0,0.00033,5724015577,5724015577,1767243766788,True,True,2026-01-01 05:02:46.788
3800478734,87639.0,0.00443,5724015578,5724015579,1767243767028,True,True,2026-01-01 05:02:47.028
3800478735,87639.01,0.035,5724015580,5724015605,1767243767386,False,True,2026-01-01 05:02:47.386
3800478736,87639.01,0.00588,5724015606,5724015624,1767243767394,False,True,2026-01-01 05:02:47.394
3800478737,87639.01,0.0054,5724015625,5724015625,1767243767433,False,True,2026-01-01 05:02:47.433
3800478738,87639.01,0.02231,5724015626,5724015651,1767243767441,False,True,2026-01-01 05:02:47.441
3800478739,87639.01,0.01316,5724015652,5724015668,1767243767445,False,True,2026-01-01 05:02:47.445
3800478740,87639.02,0.00081,5724015669,5724015680,1767243767445,False,True,2026-01-01 05:02:47.445
3800478741,87639.03,0.00045,5724015681,5724015686,1767243767445,False,True,2026-01-01 05:02:47.445
3800478742,87639.14,6e-05,5724015687,5724015687,1767243767445,False,True,2026-01-01 05:02:47.445
3800478743,87639.16,0.00024,5724015688,5724015691,1767243767445,False,True,2026-01-01 05:02:47.445
3800478744,87639.17,0.00561,5724015692,5724015692,1767243767445,False,True,2026-01-01 05:02:47.445
3800478745,87639.17,0.00805,5724015693,5724015726,1767243767448,False,True,2026-01-01 05:02:47.448
3800478746,87639.18,0.00096,5724015727,5724015742,1767243767448,False,True,2026-01-01 05:02:47.448
3800478747,87639.2,0.00018,5724015743,5724015745,1767243767448,False,True,2026-01-01 05:02:47.448
3800478748,87639.23,7e-05,5724015746,5724015746,1767243767448,False,True,2026-01-01 05:02:47.448
3800478749,87639.66,0.0024,5724015747,5724015781,1767243767454,False,True,2026-01-01 05:02:47.454
3800478750,87639.67,0.00342,5724015782,5724015833,1767243767497,False,True,2026-01-01 05:02:47.497
3800478751,87639.68,0.00102,5724015834,5724015850,1767243767497,False,True,2026-01-01 05:02:47.497
3800478752,87639.99,0.00045,5724015851,5724015856,1767243767497,False,True,2026-01-01 05:02:47.497
3800478753,87640.0,0.00057,5724015857,5724015858,1767243767497,False,True,2026-01-01 05:02:47.497
3800478754,87640.0,0.00047,5724015859,5724015859,1767243767523,False,True,2026-01-01 05:02:47.523
3800478755,87640.0,0.002,5724015860,5724015860,1767243768469,False,True,2026-01-01 05:02:48.469
3800478756,87640.0,6e-05,5724015861,5724015861,1767243768594,False,True,2026-01-01 05:02:48.594
3800478757,87640.0,0.014,5724015862,5724015862,1767243769623,False,True,2026-01-01 05:02:49.623
3800478758,87640.0,0.003,5724015863,5724015863,1767243769623,False,True,2026-01-01 05:02:49.623
3800478759,87640.0,0.045,5724015864,5724015908,1767243769731,False,True,2026-01-01 05:02:49.731
3800478760,87639.99,6e-05,5724015909,5724015909,1767243769774,True,True,2026-01-01 05:02:49.774
3800478761,87639.99,8e-05,5724015910,5724015910,1767243770320,True,True,2026-01-01 05:02:50.320
3800478762,87640.0,0.002,5724015911,5724015911,1767243770493,False,True,2026-01-01 05:02:50.493
3800478763,87640.0,0.002,5724015912,5724015924,1767243770493,False,True,2026-01-01 05:02:50.493
3800478764,87640.0,0.002,5724015925,5724015931,1767243770493,False,True,2026-01-01 05:02:50.493
3800478765,87640.0,0.002,5724015932,5724015932,1767243770493,False,True,2026-01-01 05:02:50.493
3800478766,87640.0,0.002,5724015933,5724015934,1767243770493,False,True,2026-01-01 05:02:50.493
3800478767,87640.0,0.002,5724015935,5724015935,1767243770493,False,True,2026-01-01 05:02:50.493
3800478768,87640.0,0.00047,5724015936,5724015937,1767243770494,False,True,2026-01-01 05:02:50.494
3800478769,87640.01,0.00153,5724015938,5724015961,1767243770494,False,True,2026-01-01 05:02:50.494
3800478770,87640.01,0.00022,5724015962,5724015964,1767243771903,False,True,2026-01-01 05:02:51.903
3800478771,87640.0,0.00024,5724015965,5724015965,1767243772157,True,True,2026-01-01 05:02:52.157
3800478772,87640.01,0.00064,5724015966,5724015975,1767243772158,False,True,2026-01-01 05:02:52.158
3800478773,87640.0,0.00083,5724015976,5724015976,1767243772586,True,True,2026-01-01 05:02:52.586
3800478774,87640.01,0.00348,5724015977,5724016010,1767243772700,False,True,2026-01-01 05:02:52.700
3800478775,87640.02,0.00141,5724016011,5724016032,1767243772700,False,True,2026-01-01 05:02:52.700
3800478776,87640.16,6e-05,5724016033,5724016033,1767243772700,False,True,2026-01-01 05:02:52.700
3800478777,87640.34,0.00018,5724016034,5724016036,1767243772700,False,True,2026-01-01 05:02:52.700
3800478778,87640.99,0.00018,5724016037,5724016039,1767243772700,False,True,2026-01-01 05:02:52.700
3800478779,87641.0,0.00769,5724016040,5724016040,1767243772700,False,True,2026-01-01 05:02:52.700
3800478780,87641.0,0.003,5724016041,5724016041,1767243773187,False,True,2026-01-01 05:02:53.187
3800478781,87641.0,0.011,5724016042,5724016042,1767243773696,False,True,2026-01-01 05:02:53.696
3800478782,87641.0,0.00034,5724016043,5724016043,1767243773932,False,True,2026-01-01 05:02:53.932
3800478783,87640.99,0.00046,5724016044,5724016044,1767243774006,True,True,2026-01-01 05:02:54.006
3800478784,87640.99,0.00016,5724016045,5724016045,1767243774060,True,True,2026-01-01 05:02:54.060
3800478785,87641.0,0.002,5724016046,5724016046,1767243774806,False,True,2026-01-01 05:02:54.806
3800478786,87641.0,0.004,5724016047,5724016047,1767243775003,False,True,2026-01-01 05:02:55.003
3800478787,87641.0,0.005,5724016048,5724016048,1767243776111,False,True,2026-01-01 05:02:56.111
3800478788,87641.0,0.002,5724016049,5724016049,1767243776564,False,True,2026-01-01 05:02:56.564
3800478789,87641.0,0.029,5724016050,5724016050,1767243776564,False,True,2026-01-01 05:02:56.564
3800478790,87641.0,0.001,5724016051,5724016051,1767243776761,False,True,2026-01-01 05:02:56.761
3800478791,87641.0,0.05184,5724016052,5724016098,1767243776965,False,True,2026-01-01 05:02:56.965
3800478792,87641.01,0.00141,5724016099,5724016120,1767243776965,False,True,2026-01-01 05:02:56.965
3800478793,87641.05,0.00018,5724016121,5724016123,1767243776965,False,True,2026-01-01 05:02:56.965
3800478794,87641.06,0.00913,5724016124,5724016132,1767243776965,False,True,2026-01-01 05:02:56.965
3800478795,87641.77,6e-05,5724016133,5724016133,1767243776965,False,True,2026-01-01 05:02:56.965
3800478796,87641.96,6e-05,5724016134,5724016134,1767243776965,False,True,2026-01-01 05:02:56.965
3800478797,87642.0,0.00207,5724016135,5724016140,1767243776965,False,True,2026-01-01 05:02:56.965
3800478798,87642.06,0.00084,5724016141,5724016145,1767243776965,False,True,2026-01-01 05:02:56.965
3800478799,87642.16,7e-05,5724016146,5724016146,1767243776965,False,True,2026-01-01 05:02:56.965
3800478800,87642.61,6e-05,5724016147,5724016147,1767243776965,False,True,2026-01-01 05:02:56.965
3800478801,87642.65,6e-05,5724016148,5724016148,1767243776965,False,True,2026-01-01 05:02:56.965
3800478802,87643.75,0.03963,5724016149,5724016149,1767243777270,False,True,2026-01-01 05:02:57.270
3800478803,87643.75,7e-05,5724016150,5724016150,1767243777439,False,True,2026-01-01 05:02:57.439
3800478804,87643.75,0.00059,5724016151,5724016151,1767243777848,False,True,2026-01-01 05:02:57.848
3800478805,87643.74,0.00013,5724016152,5724016152,1767243778157,True,True,2026-01-01 05:02:58.157
3800478806,87643.74,0.00095,5724016153,5724016153,1767243779160,True,True,2026-01-01 05:02:59.160
3800478807,87643.75,0.00133,5724016154,5724016154,1767243779749,False,True,2026-01-01 05:02:59.749
3800478808,87643.75,0.0033,5724016155,5724016155,1767243780165,False,True,2026-01-01 05:03:00.165
3800478809,87643.75,0.015,5724016156,5724016203,1767243780365,False,True,2026-01-01 05:03:00.365
3800478810,87643.75,0.00103,5724016204,5724016219,1767243780366,False,True,2026-01-01 05:03:00.366
3800478811,87643.76,0.00135,5724016220,5724016240,1767243780366,False,True,2026-01-01 05:03:00.366
3800478812,87644.0,0.00438,5724016241,5724016279,1767243780371,False,True,2026-01-01 05:03:00.371
3800478813,87644.01,0.00108,5724016280,5724016297,1767243780371,False,True,2026-01-01 05:03:00.371
3800478814,87644.5,6e-05,5724016298,5724016298,1767243780371,False,True,2026-01-01 05:03:00.371
3800478815,87644.81,0.00948,5724016299,5724016299,1767243780371,False,True,2026-01-01 05:03:00.371
3800478816,87644.81,0.015,5724016300,5724016300,1767243780373,False,True,2026-01-01 05:03:00.373
3800478817,87644.81,0.01262,5724016301,5724016301,1767243780373,False,True,2026-01-01 05:03:00.373
3800478818,87644.81,0.0068,5724016302,5724016302,1767243780373,False,True,2026-01-01 05:03:00.373
3800478819,87644.82,6e-05,5724016303,5724016303,1767243780373,False,True,2026-01-01 05:03:00.373
3800478820,87645.09,7e-05,5724016304,5724016304,1767243780373,False,True,2026-01-01 05:03:00.373
3800478821,87645.14,0.00018,5724016305,5724016307,1767243780373,False,True,2026-01-01 05:03:00.373
3800478822,87645.28,6e-05,5724016308,5724016308,1767243780373,False,True,2026-01-01 05:03:00.373
3800478823,87645.94,0.00018,5724016309,5724016311,1767243780373,False,True,2026-01-01 05:03:00.373
3800478824,87645.95,0.00765,5724016312,5724016313,1767243780373,False,True,2026-01-01 05:03:00.373
3800478825,87645.95,0.015,5724016314,5724016314,1767243780373,False,True,2026-01-01 05:03:00.373
3800478826,87645.95,0.015,5724016315,5724016315,1767243780375,False,True,2026-01-01 05:03:00.375
3800478827,87645.95,0.00842,5724016316,5724016320,1767243780380,False,True,2026-01-01 05:03:00.380
3800478828,87645.95,0.00164,5724016321,5724016321,1767243780739,False,True,2026-01-01 05:03:00.739
3800478829,87645.95,0.002,5724016322,5724016345,1767243780815,False,True,2026-01-01 05:03:00.815
3800478830,87645.95,0.002,5724016346,5724016363,1767243780815,False,True,2026-01-01 05:03:00.815
3800478831,87645.95,0.002,5724016364,5724016378,1767243780815,False,True,2026-01-01 05:03:00.815
3800478832,87645.95,0.00273,5724016379,5724016404,1767243780819,False,True,2026-01-01 05:03:00.819
3800478833,87645.96,0.00135,5724016405,5724016425,1767243780819,False,True,2026-01-01 05:03:00.819
3800478834,87646.0,0.00225,5724016426,5724016433,1767243780819,False,True,2026-01-01 05:03:00.819
3800478835,87646.23,0.002,5724016434,5724016463,1767243780824,False,True,2026-01-01 05:03:00.824
3800478836,87646.23,0.00076,5724016464,5724016474,1767243780824,False,True,2026-01-01 05:03:00.824
3800478837,87646.24,0.00124,5724016475,5724016494,1767243780824,False,True,2026-01-01 05:03:00.824
3800478838,87646.24,0.00017,5724016495,5724016497,1767243780825,False,True,2026-01-01 05:03:00.825
3800478839,87646.35,6e-05,5724016498,5724016498,1767243780825,False,True,2026-01-01 05:03:00.825
3800478840,87646.42,0.00018,5724016499,5724016501,1767243780825,False,True,2026-01-01 05:03:00.825
3800478841,87646.52,0.00018,5724016502,5724016504,1767243780825,False,True,2026-01-01 05:03:00.825
3800478842,87646.53,0.00678,5724016505,5724016505,1767243780825,False,True,2026-01-01 05:03:00.825
3800478843,87646.53,0.00234,5724016506,5724016514,1767243780826,False,True,2026-01-01 05:03:00.826
3800478844,87646.6,0.00018,5724016515,5724016517,1767243780826,False,True,2026-01-01 05:03:00.826
3800478845,87646.61,0.0003,5724016518,5724016521,1767243780826,False,True,2026-01-01 05:03:00.826
3800478846,87647.02,9e-05,5724016522,5724016522,1767243780826,False,True,2026-01-01 05:03:00.826
3800478847,87647.14,0.00327,5724016523,5724016527,1767243780826,False,True,2026-01-01 05:03:00.826
3800478848,87647.57,6e-05,5724016528,5724016528,1767243780826,False,True,2026-01-01 05:03:00.826
3800478849,87647.99,0.00243,5724016529,5724016529,1767243780826,False,True,2026-01-01 05:03:00.826
3800478850,87647.99,0.015,5724016530,5724016530,1767243780826,False,True,2026-01-01 05:03:00.826
3800478851,87647.14,0.015,5724016531,5724016533,1767243780828,False,True,2026-01-01 05:03:00.828
3800478852,87647.14,0.015,5724016534,5724016534,1767243780828,False,True,2026-01-01 05:03:00.828
3800478853,87647.14,0.015,5724016535,5724016535,1767243780828,False,True,2026-01-01 05:03:00.828
3800478854,87647.14,0.015,5724016536,5724016536,1767243780828,False,True,2026-01-01 05:03:00.828
3800478855,87647.14,0.015,5724016537,5724016537,1767243780828,False,True,2026-01-01 05:03:00.828
3800478856,87647.14,0.00316,5724016538,5724016568,1767243780834,False,True,2026-01-01 05:03:00.834
3800478857,87647.14,0.00041,5724016569,5724016575,1767243780835,False,True,2026-01-01 05:03:00.835
3800478858,87647.15,0.0009,5724016576,5724016590,1767243780835,False,True,2026-01-01 05:03:00.835
3800478859,87647.73,0.00023,5724016591,5724016591,1767243780835,False,True,2026-01-01 05:03:00.835
3800478860,87647.98,0.00018,5724016592,5724016594,1767243780835,False,True,2026-01-01 05:03:00.835
3800478861,87647.99,0.00057,5724016595,5724016602,1767243780835,False,True,2026-01-01 05:03:00.835
3800478862,87648.0,0.00174,5724016603,5724016604,1767243780835,False,True,2026-01-01 05:03:00.835
3800478863,87648.0,0.00438,5724016605,5724016653,1767243780950,False,True,2026-01-01 05:03:00.950
3800478864,87648.01,0.00135,5724016654,5724016674,1767243780950,False,True,2026-01-01 05:03:00.950
3800478865,87648.02,7e-05,5724016675,5724016675,1767243780950,False,True,2026-01-01 05:03:00.950
3800478866,87648.07,6e-05,5724016676,5724016676,1767243780950,False,True,2026-01-01 05:03:00.950
3800478867,87648.13,6e-05,5724016677,5724016677,1767243780950,False,True,2026-01-01 05:03:00.950
3800478868,87648.3,0.00045,5724016678,5724016683,1767243780950,False,True,2026-01-01 05:03:00.950
3800478869,87648.61,0.00018,5724016684,5724016686,1767243780950,False,True,2026-01-01 05:03:00.950
3800478870,87648.62,0.00345,5724016687,5724016687,1767243780950,False,True,2026-01-01 05:03:00.950
3800478871,87648.62,0.00835,5724016688,5724016694,1767243780950,False,True,2026-01-01 05:03:00.950
3800478872,87648.87,0.00075,5724016695,5724016699,1767243780950,False,True,2026-01-01 05:03:00.950
3800478873,87649.26,0.00018,5724016700,5724016702,1767243780950,False,True,2026-01-01 05:03:00.950
3800478874,87649.27,0.03072,5724016703,5724016703,1767243780950,False,True,2026-01-01 05:03:00.950
3800478875,87649.27,0.0694,5724016704,5724016706,1767243780950,False,True,2026-01-01 05:03:00.950
3800478876,87649.43,0.00018,5724016707,5724016709,1767243780950,False,True,2026-01-01 05:03:00.950
3800478877,87649.52,0.00201,5724016710,5724016713,1767243780950,False,True,2026-01-01 05:03:00.950
3800478878,87649.53,0.00018,5724016714,5724016716,1767243780950,False,True,2026-01-01 05:03:00.950
3800478879,87649.54,0.00012,5724016717,5724016718,1767243780950,False,True,2026-01-01 05:03:00.950
3800478880,87649.99,0.00018,5724016719,5724016721,1767243780950,False,True,2026-01-01 05:03:00.950
3800478881,87650.0,0.00793,5724016722,5724016723,1767243780950,False,True,2026-01-01 05:03:00.950
3800478882,87650.0,0.02,5724016724,5724016724,1767243780950,False,True,2026-01-01 05:03:00.950
3800478883,87650.0,0.002,5724016725,5724016725,1767243780951,False,True,2026-01-01 05:03:00.951
3800478884,87650.0,0.002,5724016726,5724016726,1767243780951,False,True,2026-01-01 05:03:00.951
3800478885,87650.0,0.01,5724016727,5724016727,1767243780952,False,True,2026-01-01 05:03:00.952
3800478886,87650.0,0.00584,5724016728,5724016728,1767243780957,False,True,2026-01-01 05:03:00.957
3800478887,87650.0,0.00685,5724016729,5724016729,1767243780966,False,True,2026-01-01 05:03:00.966
3800478888,87650.0,0.00549,5724016730,5724016768,1767243781003,False,True,2026-01-01 05:03:01.003
3800478889,87650.0,0.00212,5724016769,5724016796,1767243781023,False,True,2026-01-01 05:03:01.023
3800478890,87650.01,0.00135,5724016797,5724016817,1767243781023,False,True,2026-01-01 05:03:01.023
3800478891,87650.61,6e-05,5724016818,5724016818,1767243781023,False,True,2026-01-01 05:03:01.023
3800478892,87650.74,6e-05,5724016819,5724016819,1767243781023,False,True,2026-01-01 05:03:01.023
3800478893,87650.8,0.00018,5724016820,5724016822,1767243781023,False,True,2026-01-01 05:03:01.023
3800478894,87650.95,7e-05,5724016823,5724016823,1767243781023,False,True,2026-01-01 05:03:01.023
3800478895,87651.11,0.00018,5724016824,5724016826,1767243781023,False,True,2026-01-01 05:03:01.023
3800478896,87651.12,0.00291,5724016827,5724016827,1767243781023,False,True,2026-01-01 05:03:01.023
3800478897,87651.12,0.00872,5724016828,5724016831,1767243781134,False,True,2026-01-01 05:03:01.134
3800478898,87651.12,0.00155,5724016832,5724016854,1767243781161,False,True,2026-01-01 05:03:01.161
3800478899,87651.12,0.00207,5724016855,5724016883,1767243781232,False,True,2026-01-01 05:03:01.232
3800478900,87651.13,0.00135,5724016884,5724016904,1767243781232,False,True,2026-01-01 05:03:01.232
3800478901,87651.56,0.00018,5724016905,5724016907,1767243781232,False,True,2026-01-01 05:03:01.232
3800478902,87651.61,0.00045,5724016908,5724016913,1767243781232,False,True,2026-01-01 05:03:01.232
3800478903,87651.62,6e-05,5724016914,5724016914,1767243781232,False,True,2026-01-01 05:03:01.232
3800478904,87651.72,0.00018,5724016915,5724016917,1767243781232,False,True,2026-01-01 05:03:01.232
3800478905,87651.98,6e-05,5724016918,5724016918,1767243781232,False,True,2026-01-01 05:03:01.232
3800478906,87652.0,0.00189,5724016919,5724016921,1767243781232,False,True,2026-01-01 05:03:01.232
3800478907,87652.09,0.00279,5724016922,5724016922,1767243781232,False,True,2026-01-01 05:03:01.232
3800478908,87652.09,0.0003,5724016923,5724016924,1767243781232,False,True,2026-01-01 05:03:01.232
3800478909,87653.87,0.41004,5724016925,5724016925,1767243781235,True,True,2026-01-01 05:03:01.235
3800478910,87653.88,0.00247,5724016926,5724016961,1767243781273,False,True,2026-01-01 05:03:01.273
3800478911,87653.89,0.00114,5724016962,5724016980,1767243781273,False,True,2026-01-01 05:03:01.273
3800478912,87653.95,6e-05,5724016981,5724016981,1767243781273,False,True,2026-01-01 05:03:01.273
3800478913,87653.98,0.00018,5724016982,5724016984,1767243781273,False,True,2026-01-01 05:03:01.273
3800478914,87654.0,0.00225,5724016985,5724016992,1767243781273,False,True,2026-01-01 05:03:01.273
3800478915,87654.26,0.00228,5724016993,5724016999,1767243781273,False,True,2026-01-01 05:03:01.273
3800478916,87654.74,0.00039,5724017000,5724017005,1767243781273,False,True,2026-01-01 05:03:01.273
3800478917,87655.13,6e-05,5724017006,5724017006,1767243781273,False,True,2026-01-01 05:03:01.273
