trade_id,price,quantity,first_trade_id,last_trade_id,timestamp_utc,is_maker,best_match,datetime
3800988471,88857.6,0.00262,5725921051,5725921051,1767340800107,True,True,2026-01-02 08:00:00.107
3800988472,88857.61,0.00799,5725921052,5725921052,1767340800148,False,True,2026-01-02 08:00:00.148
3800988473,88857.6,0.00143,5725921053,5725921053,1767340800285,True,True,2026-01-02 08:00:00.285
3800988474,88857.6,0.00112,5725921054,5725921054,1767340800309,True,True,2026-01-02 08:00:00.309
3800988475,88857.6,0.00024,5725921055,5725921055,1767340800572,True,True,2026-01-02 08:00:00.572
3800988476,88857.61,0.00011,5725921056,5725921056,1767340800688,False,True,2026-01-02 08:00:00.688
3800988477,88857.61,0.00011,5725921057,5725921057,1767340800771,False,True,2026-01-02 08:00:00.771
3800988478,88857.61,0.00011,5725921058,5725921058,1767340800772,False,True,2026-01-02 08:00:00.772
3800988479,88857.61,0.00011,5725921059,5725921059,1767340800774,False,True,2026-01-02 08:00:00.774
3800988480,88857.61,0.00011,5725921060,5725921060,1767340800907,False,True,2026-01-02 08:00:00.907
3800988481,88857.61,0.00011,5725921061,5725921061,1767340800908,False,True,2026-01-02 08:00:00.908
3800988482,88857.61,0.00543,5725921062,5725921062,1767340800941,False,True,2026-01-02 08:00:00.941
3800988483,88857.61,0.0018,5725921063,5725921063,1767340800944,False,True,2026-01-02 08:00:00.944
3800988484,88857.61,7e-05,5725921064,5725921064,1767340800952,False,True,2026-01-02 08:00:00.952
3800988485,88857.61,0.00143,5725921065,5725921065,1767340801012,False,True,2026-01-02 08:00:01.012
3800988486,88857.61,6e-05,5725921066,5725921066,1767340801166,False,True,2026-01-02 08:00:01.166
3800988487,88857.61,0.00165,5725921067,5725921067,1767340801317,False,True,2026-01-02 08:00:01.317
3800988488,88857.61,0.00064,5725921068,5725921068,1767340801407,False,True,2026-01-02 08:00:01.407
3800988489,88857.61,0.00024,5725921069,5725921069,1767340801409,False,True,2026-01-02 08:00:01.409
3800988490,88857.6,0.00017,5725921070,5725921070,1767340801485,True,True,2026-01-02 08:00:01.485
3800988491,88857.6,0.02428,5725921071,5725921072,1767340801569,True,True,2026-01-02 08:00:01.569
3800988492,88857.61,0.00018,5725921073,5725921075,1767340801850,False,True,2026-01-02 08:00:01.850
3800988493,88857.61,0.00031,5725921076,5725921080,1767340801895,False,True,2026-01-02 08:00:01.895
3800988494,88857.61,0.00342,5725921081,5725921121,1767340801937,False,True,2026-01-02 08:00:01.937
3800988495,88857.61,0.00065,5725921122,5725921130,1767340801953,False,True,2026-01-02 08:00:01.953
3800988496,88857.61,0.00024,5725921131,5725921133,1767340801955,False,True,2026-01-02 08:00:01.955
3800988497,88857.61,0.00049,5725921134,5725921140,1767340801958,False,True,2026-01-02 08:00:01.958
3800988498,88857.61,0.00045,5725921141,5725921146,1767340801961,False,True,2026-01-02 08:00:01.961
3800988499,88857.61,0.00036,5725921147,5725921151,1767340801963,False,True,2026-01-02 08:00:01.963
3800988500,88857.61,0.0004,5725921152,5725921156,1767340801966,False,True,2026-01-02 08:00:01.966
3800988501,88857.61,0.00038,5725921157,5725921162,1767340801968,False,True,2026-01-02 08:00:01.968
3800988502,88857.61,0.0004,5725921163,5725921168,1767340801971,False,True,2026-01-02 08:00:01.971
3800988503,88857.61,0.00051,5725921169,5725921175,1767340801975,False,True,2026-01-02 08:00:01.975
3800988504,88857.61,0.00028,5725921176,5725921178,1767340801977,False,True,2026-01-02 08:00:01.977
3800988505,88857.61,0.00042,5725921179,5725921183,1767340801980,False,True,2026-01-02 08:00:01.980
3800988506,88857.61,0.00057,5725921184,5725921190,1767340801985,False,True,2026-01-02 08:00:01.985
3800988507,88857.61,0.00024,5725921191,5725921194,1767340801988,False,True,2026-01-02 08:00:01.988
3800988508,88857.61,0.00049,5725921195,5725921201,1767340801990,False,True,2026-01-02 08:00:01.990
3800988509,88857.61,0.00029,5725921202,5725921205,1767340801992,False,True,2026-01-02 08:00:01.992
3800988510,88857.61,0.00042,5725921206,5725921210,1767340801994,False,True,2026-01-02 08:00:01.994
3800988511,88857.61,0.00033,5725921211,5725921215,1767340801997,False,True,2026-01-02 08:00:01.997
3800988512,88857.61,0.0004,5725921216,5725921220,1767340801999,False,True,2026-01-02 08:00:01.999
3800988513,88857.61,0.00034,5725921221,5725921225,1767340802001,False,True,2026-01-02 08:00:02.001
3800988514,88857.61,0.00038,5725921226,5725921231,1767340802004,False,True,2026-01-02 08:00:02.004
3800988515,88857.61,0.00034,5725921232,5725921235,1767340802006,False,True,2026-01-02 08:00:02.006
3800988516,88857.61,0.00046,5725921236,5725921242,1767340802009,False,True,2026-01-02 08:00:02.009
3800988517,88857.61,0.00033,5725921243,5725921246,1767340802011,False,True,2026-01-02 08:00:02.011
3800988518,88857.61,0.00039,5725921247,5725921251,1767340802013,False,True,2026-01-02 08:00:02.013
3800988519,88857.61,0.00037,5725921252,5725921256,1767340802015,False,True,2026-01-02 08:00:02.015
3800988520,88857.61,0.00038,5725921257,5725921262,1767340802018,False,True,2026-01-02 08:00:02.018
3800988521,88857.61,0.0004,5725921263,5725921267,1767340802020,False,True,2026-01-02 08:00:02.020
3800988522,88857.61,0.0004,5725921268,5725921273,1767340802023,False,True,2026-01-02 08:00:02.023
3800988523,88857.61,0.00041,5725921274,5725921278,1767340802025,False,True,2026-01-02 08:00:02.025
3800988524,88857.61,0.00032,5725921279,5725921283,1767340802027,False,True,2026-01-02 08:00:02.027
3800988525,88857.61,0.0004,5725921284,5725921288,1767340802030,False,True,2026-01-02 08:00:02.030
3800988526,88857.61,0.00036,5725921289,5725921293,1767340802032,False,True,2026-01-02 08:00:02.032
3800988527,88857.61,0.0004,5725921294,5725921299,1767340802034,False,True,2026-01-02 08:00:02.034
3800988528,88857.61,0.0002,5725921300,5725921302,1767340802037,False,True,2026-01-02 08:00:02.037
3800988529,88857.61,0.00048,5725921303,5725921309,1767340802040,False,True,2026-01-02 08:00:02.040
3800988530,88857.61,0.00038,5725921310,5725921314,1767340802043,False,True,2026-01-02 08:00:02.043
3800988531,88857.61,0.00037,5725921315,5725921320,1767340802046,False,True,2026-01-02 08:00:02.046
3800988532,88857.61,0.00039,5725921321,5725921325,1767340802050,False,True,2026-01-02 08:00:02.050
3800988533,88857.6,0.00024,5725921326,5725921326,1767340802290,True,True,2026-01-02 08:00:02.290
3800988534,88857.61,0.00131,5725921327,5725921339,1767340802346,False,True,2026-01-02 08:00:02.346
3800988535,88857.61,0.00565,5725921340,5725921340,1767340802352,False,True,2026-01-02 08:00:02.352
3800988536,88857.61,0.00573,5725921341,5725921341,1767340802353,False,True,2026-01-02 08:00:02.353
3800988537,88857.61,0.00565,5725921342,5725921342,1767340802353,False,True,2026-01-02 08:00:02.353
3800988538,88857.61,0.00049,5725921343,5725921343,1767340802355,False,True,2026-01-02 08:00:02.355
3800988539,88857.61,0.00518,5725921344,5725921344,1767340802357,False,True,2026-01-02 08:00:02.357
3800988540,88857.61,0.02119,5725921345,5725921345,1767340802357,False,True,2026-01-02 08:00:02.357
3800988541,88857.61,0.00369,5725921346,5725921346,1767340802359,False,True,2026-01-02 08:00:02.359
3800988542,88857.61,0.0115,5725921347,5725921365,1767340802464,False,True,2026-01-02 08:00:02.464
3800988543,88857.62,0.00123,5725921366,5725921384,1767340802464,False,True,2026-01-02 08:00:02.464
3800988544,88857.66,0.00027,5725921385,5725921387,1767340802464,False,True,2026-01-02 08:00:02.464
3800988545,88857.99,6e-05,5725921388,5725921388,1767340802464,False,True,2026-01-02 08:00:02.464
3800988546,88858.0,0.00207,5725921389,5725921394,1767340802464,False,True,2026-01-02 08:00:02.464
3800988547,88858.01,0.00021,5725921395,5725921397,1767340802464,False,True,2026-01-02 08:00:02.464
3800988548,88858.11,7e-05,5725921398,5725921398,1767340802464,False,True,2026-01-02 08:00:02.464
3800988549,88858.22,6e-05,5725921399,5725921399,1767340802464,False,True,2026-01-02 08:00:02.464
3800988550,88858.51,6e-05,5725921400,5725921400,1767340802464,False,True,2026-01-02 08:00:02.464
3800988551,88859.99,0.00018,5725921401,5725921403,1767340802464,False,True,2026-01-02 08:00:02.464
3800988552,88860.0,0.02643,5725921404,5725921409,1767340802464,False,True,2026-01-02 08:00:02.464
3800988553,88861.04,7e-05,5725921410,5725921410,1767340802467,False,True,2026-01-02 08:00:02.467
3800988554,88861.11,6e-05,5725921411,5725921411,1767340802467,False,True,2026-01-02 08:00:02.467
3800988555,88861.77,6e-05,5725921412,5725921412,1767340802468,False,True,2026-01-02 08:00:02.468
3800988556,88862.0,0.0018,5725921413,5725921414,1767340802468,False,True,2026-01-02 08:00:02.468
3800988557,88862.04,0.00384,5725921415,5725921415,1767340802468,False,True,2026-01-02 08:00:02.468
3800988558,88862.04,0.00125,5725921416,5725921433,1767340802471,False,True,2026-01-02 08:00:02.471
3800988559,88862.05,0.00075,5725921434,5725921445,1767340802471,False,True,2026-01-02 08:00:02.471
3800988560,88862.38,6e-05,5725921446,5725921446,1767340802471,False,True,2026-01-02 08:00:02.471
3800988561,88863.88,0.00012,5725921447,5725921447,1767340802471,False,True,2026-01-02 08:00:02.471
3800988562,88863.97,7e-05,5725921448,5725921448,1767340802471,False,True,2026-01-02 08:00:02.471
3800988563,88864.0,0.00512,5725921449,5725921468,1767340802474,False,True,2026-01-02 08:00:02.474
3800988564,88864.01,0.00081,5725921469,5725921480,1767340802474,False,True,2026-01-02 08:00:02.474
3800988565,88864.02,0.00027,5725921481,5725921483,1767340802474,False,True,2026-01-02 08:00:02.474
3800988566,88864.03,9e-05,5725921484,5725921484,1767340802474,False,True,2026-01-02 08:00:02.474
3800988567,88864.04,9e-05,5725921485,5725921485,1767340802474,False,True,2026-01-02 08:00:02.474
3800988568,88864.07,0.00087,5725921486,5725921486,1767340802474,False,True,2026-01-02 08:00:02.474
3800988569,88864.07,0.00213,5725921487,5725921487,1767340802475,False,True,2026-01-02 08:00:02.475
3800988570,88864.61,6e-05,5725921488,5725921488,1767340802475,False,True,2026-01-02 08:00:02.475
3800988571,88865.49,0.00018,5725921489,5725921491,1767340802475,False,True,2026-01-02 08:00:02.475
3800988572,88865.5,0.00438,5725921492,5725921492,1767340802475,False,True,2026-01-02 08:00:02.475
3800988573,88865.5,0.0045,5725921493,5725921493,1767340802475,False,True,2026-01-02 08:00:02.475
3800988574,88865.5,0.00115,5725921494,5725921496,1767340802476,False,True,2026-01-02 08:00:02.476
3800988575,88865.62,0.00018,5725921497,5725921499,1767340802476,False,True,2026-01-02 08:00:02.476
3800988576,88865.63,0.01217,5725921500,5725921500,1767340802476,False,True,2026-01-02 08:00:02.476
3800988577,88865.63,0.00033,5725921501,5725921503,1767340802476,False,True,2026-01-02 08:00:02.476
3800988578,88865.95,0.00018,5725921504,5725921506,1767340802476,False,True,2026-01-02 08:00:02.476
3800988579,88865.96,0.00624,5725921507,5725921508,1767340802476,False,True,2026-01-02 08:00:02.476
3800988580,88865.96,0.00508,5725921509,5725921511,1767340802477,False,True,2026-01-02 08:00:02.477
3800988581,88866.0,0.0018,5725921512,5725921513,1767340802477,False,True,2026-01-02 08:00:02.477
3800988582,88866.77,6e-05,5725921514,5725921514,1767340802477,False,True,2026-01-02 08:00:02.477
3800988583,88866.9,7e-05,5725921515,5725921515,1767340802477,False,True,2026-01-02 08:00:02.477
3800988584,88867.08,6e-05,5725921516,5725921516,1767340802477,False,True,2026-01-02 08:00:02.477
3800988585,88867.36,0.00018,5725921517,5725921519,1767340802477,False,True,2026-01-02 08:00:02.477
3800988586,88867.37,0.02566,5725921520,5725921522,1767340802477,False,True,2026-01-02 08:00:02.477
3800988587,88867.5,6e-05,5725921523,5725921523,1767340802477,False,True,2026-01-02 08:00:02.477
3800988588,88868.0,0.0038,5725921524,5725921526,1767340802477,False,True,2026-01-02 08:00:02.477
3800988589,88868.34,9e-05,5725921527,5725921527,1767340802477,False,True,2026-01-02 08:00:02.477
3800988590,88869.08,6e-05,5725921528,5725921528,1767340802477,False,True,2026-01-02 08:00:02.477
3800988591,88869.09,0.01308,5725921529,5725921530,1767340802477,False,True,2026-01-02 08:00:02.477
3800988592,88869.09,0.00886,5725921531,5725921533,1767340802477,False,True,2026-01-02 08:00:02.477
3800988593,88869.3,6e-05,5725921534,5725921534,1767340802477,False,True,2026-01-02 08:00:02.477
3800988594,88869.83,7e-05,5725921535,5725921535,1767340802477,False,True,2026-01-02 08:00:02.477
3800988595,88869.95,0.00789,5725921536,5725921536,1767340802477,False,True,2026-01-02 08:00:02.477
3800988596,88869.95,0.00021,5725921537,5725921537,1767340802488,False,True,2026-01-02 08:00:02.488
3800988597,88869.95,0.0133,5725921538,5725921538,1767340802502,False,True,2026-01-02 08:00:02.502
3800988598,88869.95,0.00549,5725921539,5725921539,1767340802598,False,True,2026-01-02 08:00:02.598
3800988599,88869.95,0.00479,5725921540,5725921540,1767340802598,False,True,2026-01-02 08:00:02.598
3800988600,88869.95,0.00801,5725921541,5725921541,1767340802598,False,True,2026-01-02 08:00:02.598
3800988601,88869.95,0.00704,5725921542,5725921542,1767340802599,False,True,2026-01-02 08:00:02.599
3800988602,88869.94,0.00282,5725921543,5725921543,1767340802760,True,True,2026-01-02 08:00:02.760
3800988603,88869.94,0.00278,5725921544,5725921544,1767340802760,True,True,2026-01-02 08:00:02.760
3800988604,88869.94,0.00108,5725921545,5725921545,1767340802762,True,True,2026-01-02 08:00:02.762
3800988605,88869.94,0.00032,5725921546,5725921546,1767340803015,True,True,2026-01-02 08:00:03.015
3800988606,88869.94,0.00017,5725921547,5725921547,1767340803082,True,True,2026-01-02 08:00:03.082
3800988607,88869.94,0.00074,5725921548,5725921548,1767340803185,True,True,2026-01-02 08:00:03.185
3800988608,88869.95,0.00024,5725921549,5725921549,1767340803245,False,True,2026-01-02 08:00:03.245
3800988609,88869.95,0.00598,5725921550,5725921550,1767340803399,False,True,2026-01-02 08:00:03.399
3800988610,88869.95,0.00717,5725921551,5725921551,1767340803408,False,True,2026-01-02 08:00:03.408
3800988611,88869.95,0.01237,5725921552,5725921552,1767340803447,False,True,2026-01-02 08:00:03.447
3800988612,88869.94,0.00024,5725921553,5725921555,1767340804178,True,True,2026-01-02 08:00:04.178
3800988613,88869.95,0.00024,5725921556,5725921556,1767340805173,False,True,2026-01-02 08:00:05.173
3800988614,88869.95,0.00143,5725921557,5725921557,1767340805636,False,True,2026-01-02 08:00:05.636
3800988615,88869.95,6e-05,5725921558,5725921558,1767340805954,False,True,2026-01-02 08:00:05.954
3800988616,88869.94,0.00024,5725921559,5725921561,1767340806062,True,True,2026-01-02 08:00:06.062
3800988617,88869.95,9e-05,5725921562,5725921562,1767340806162,False,True,2026-01-02 08:00:06.162
3800988618,88869.94,0.03801,5725921563,5725921563,1767340806449,True,True,2026-01-02 08:00:06.449
3800988619,88869.94,0.19,5725921564,5725921594,1767340806661,True,True,2026-01-02 08:00:06.661
3800988620,88869.95,0.00023,5725921595,5725921595,1767340807008,False,True,2026-01-02 08:00:07.008
3800988621,88869.94,0.00016,5725921596,5725921596,1767340807067,True,True,2026-01-02 08:00:07.067
3800988622,88869.95,0.00032,5725921597,5725921597,1767340807754,False,True,2026-01-02 08:00:07.754
3800988623,88869.95,0.00012,5725921598,5725921598,1767340807797,False,True,2026-01-02 08:00:07.797
3800988624,88869.94,0.00023,5725921599,5725921599,1767340807803,True,True,2026-01-02 08:00:07.803
3800988625,88869.94,0.00111,5725921600,5725921600,1767340807816,True,True,2026-01-02 08:00:07.816
3800988626,88869.95,0.00037,5725921601,5725921601,1767340807865,False,True,2026-01-02 08:00:07.865
3800988627,88869.95,0.00056,5725921602,5725921602,1767340807894,False,True,2026-01-02 08:00:07.894
3800988628,88869.95,0.00039,5725921603,5725921603,1767340808414,False,True,2026-01-02 08:00:08.414
3800988629,88869.95,0.00108,5725921604,5725921604,1767340808669,False,True,2026-01-02 08:00:08.669
3800988630,88869.95,0.00057,5725921605,5725921605,1767340808699,False,True,2026-01-02 08:00:08.699
3800988631,88869.95,0.00023,5725921606,5725921606,1767340808744,False,True,2026-01-02 08:00:08.744
3800988632,88869.95,0.01237,5725921607,5725921607,1767340808988,False,True,2026-01-02 08:00:08.988
3800988633,88869.94,0.00023,5725921608,5725921608,1767340809636,True,True,2026-01-02 08:00:09.636
3800988634,88869.95,0.01982,5725921609,5725921609,1767340810144,False,True,2026-01-02 08:00:10.144
3800988635,88869.95,0.00085,5725921610,5725921610,1767340810340,False,True,2026-01-02 08:00:10.340
3800988636,88869.95,0.00083,5725921611,5725921611,1767340810419,False,True,2026-01-02 08:00:10.419
3800988637,88869.95,0.0003,5725921612,5725921612,1767340810579,False,True,2026-01-02 08:00:10.579
3800988638,88869.95,0.00057,5725921613,5725921613,1767340810805,False,True,2026-01-02 08:00:10.805
3800988639,88869.95,0.00063,5725921614,5725921614,1767340811010,False,True,2026-01-02 08:00:11.010
3800988640,88869.94,9e-05,5725921615,5725921615,1767340811029,True,True,2026-01-02 08:00:11.029
3800988641,88869.95,0.00085,5725921616,5725921616,1767340811188,False,True,2026-01-02 08:00:11.188
3800988642,88869.95,0.00085,5725921617,5725921617,1767340811480,False,True,2026-01-02 08:00:11.480
3800988643,88869.95,0.00085,5725921618,5725921618,1767340811490,False,True,2026-01-02 08:00:11.490
3800988644,88869.95,0.00084,5725921619,5725921619,1767340811639,False,True,2026-01-02 08:00:11.639
3800988645,88869.95,0.00031,5725921620,5725921620,1767340811767,False,True,2026-01-02 08:00:11.767
3800988646,88869.95,9e-05,5725921621,5725921621,1767340811881,False,True,2026-01-02 08:00:11.881
3800988647,88869.95,0.0001,5725921622,5725921622,1767340812059,False,True,2026-01-02 08:00:12.059
3800988648,88869.95,0.00464,5725921623,5725921623,1767340812597,False,True,2026-01-02 08:00:12.597
3800988649,88869.95,0.00875,5725921624,5725921624,1767340812598,False,True,2026-01-02 08:00:12.598
3800988650,88869.95,0.00155,5725921625,5725921625,1767340812598,False,True,2026-01-02 08:00:12.598
3800988651,88869.94,0.00032,5725921626,5725921626,1767340812948,True,True,2026-01-02 08:00:12.948
3800988652,88869.94,0.00033,5725921627,5725921627,1767340812972,True,True,2026-01-02 08:00:12.972
3800988653,88869.95,0.00033,5725921628,5725921631,1767340813117,False,True,2026-01-02 08:00:13.117
3800988654,88869.95,0.00023,5725921632,5725921633,1767340813156,False,True,2026-01-02 08:00:13.156
3800988655,88869.95,0.00082,5725921634,5725921634,1767340813676,False,True,2026-01-02 08:00:13.676
3800988656,88869.94,0.003,5725921635,5725921635,1767340813725,True,True,2026-01-02 08:00:13.725
3800988657,88869.94,0.00028,5725921636,5725921636,1767340813971,True,True,2026-01-02 08:00:13.971
3800988658,88869.95,0.00106,5725921637,5725921637,1767340814043,False,True,2026-01-02 08:00:14.043
3800988659,88869.94,0.00022,5725921638,5725921638,1767340814048,True,True,2026-01-02 08:00:14.048
3800988660,88869.94,0.00023,5725921639,5725921639,1767340814466,True,True,2026-01-02 08:00:14.466
3800988661,88869.95,0.00083,5725921640,5725921640,1767340814539,False,True,2026-01-02 08:00:14.539
3800988662,88869.95,0.01237,5725921641,5725921641,1767340814646,False,True,2026-01-02 08:00:14.646
3800988663,88869.95,0.00117,5725921642,5725921642,1767340814762,False,True,2026-01-02 08:00:14.762
3800988664,88869.95,0.00127,5725921643,5725921643,1767340814848,False,True,2026-01-02 08:00:14.848
3800988665,88869.95,0.00084,5725921644,5725921644,1767340815292,False,True,2026-01-02 08:00:15.292
3800988666,88869.95,9e-05,5725921645,5725921645,1767340815513,False,True,2026-01-02 08:00:15.513
3800988667,88869.95,0.0007,5725921646,5725921646,1767340815553,False,True,2026-01-02 08:00:15.553
3800988668,88869.95,0.00023,5725921647,5725921647,1767340815563,False,True,2026-01-02 08:00:15.563
3800988669,88869.94,0.00023,5725921648,5725921648,1767340816509,True,True,2026-01-02 08:00:16.509
3800988670,88869.95,0.00063,5725921649,5725921649,1767340816998,False,True,2026-01-02 08:00:16.998
3800988671,88869.94,0.004,5725921650,5725921650,1767340817152,True,True,2026-01-02 08:00:17.152
3800988672,88869.95,0.00048,5725921651,5725921651,1767340817222,False,True,2026-01-02 08:00:17.222
3800988673,88869.95,0.00023,5725921652,5725921652,1767340817623,False,True,2026-01-02 08:00:17.623
3800988674,88869.94,0.00158,5725921653,5725921653,1767340818090,True,True,2026-01-02 08:00:18.090
3800988675,88869.95,0.00108,5725921654,5725921654,1767340818150,False,True,2026-01-02 08:00:18.150
3800988676,88869.95,0.00033,5725921655,5725921655,1767340818169,False,True,2026-01-02 08:00:18.169
3800988677,88869.95,0.00032,5725921656,5725921656,1767340818298,False,True,2026-01-02 08:00:18.298
3800988678,88869.95,0.00067,5725921657,5725921657,1767340818545,False,True,2026-01-02 08:00:18.545
3800988679,88869.94,0.00023,5725921658,5725921658,1767340818734,True,True,2026-01-02 08:00:18.734
3800988680,88869.94,0.00014,5725921659,5725921659,1767340819093,True,True,2026-01-02 08:00:19.093
3800988681,88869.94,0.00015,5725921660,5725921660,1767340819128,True,True,2026-01-02 08:00:19.128
3800988682,88869.95,0.00044,5725921661,5725921661,1767340819154,False,True,2026-01-02 08:00:19.154
3800988683,88869.95,0.01119,5725921662,5725921662,1767340819402,False,True,2026-01-02 08:00:19.402
3800988684,88869.94,0.00103,5725921663,5725921663,1767340819474,True,True,2026-01-02 08:00:19.474
3800988685,88869.95,0.00226,5725921664,5725921664,1767340819492,False,True,2026-01-02 08:00:19.492
3800988686,88869.95,0.0007,5725921665,5725921665,1767340819514,False,True,2026-01-02 08:00:19.514
3800988687,88869.95,0.00023,5725921666,5725921666,1767340819699,False,True,2026-01-02 08:00:19.699
3800988688,88869.94,9e-05,5725921667,5725921667,1767340820177,True,True,2026-01-02 08:00:20.177
3800988689,88869.95,0.01237,5725921668,5725921668,1767340820370,False,True,2026-01-02 08:00:20.370
3800988690,88869.95,0.00012,5725921669,5725921669,1767340820469,False,True,2026-01-02 08:00:20.469
3800988691,88869.94,0.00023,5725921670,5725921670,1767340820596,True,True,2026-01-02 08:00:20.596
3800988692,88869.95,0.00022,5725921671,5725921671,1767340820797,False,True,2026-01-02 08:00:20.797
3800988693,88869.94,0.00014,5725921672,5725921672,1767340820962,True,True,2026-01-02 08:00:20.962
3800988694,88869.94,0.00167,5725921673,5725921673,1767340821503,True,True,2026-01-02 08:00:21.503
3800988695,88869.95,0.0001,5725921674,5725921674,1767340821696,False,True,2026-01-02 08:00:21.696
3800988696,88869.95,0.00023,5725921675,5725921675,1767340822118,False,True,2026-01-02 08:00:22.118
3800988697,88869.95,8e-05,5725921676,5725921676,1767340822584,False,True,2026-01-02 08:00:22.584
3800988698,88869.94,0.00032,5725921677,5725921677,1767340823079,True,True,2026-01-02 08:00:23.079
3800988699,88869.94,0.00023,5725921678,5725921678,1767340823084,True,True,2026-01-02 08:00:23.084
3800988700,88869.94,0.00017,5725921679,5725921679,1767340823276,True,True,2026-01-02 08:00:23.276
3800988701,88869.95,0.00023,5725921680,5725921680,1767340824084,False,True,2026-01-02 08:00:24.084
3800988702,88869.94,0.00023,5725921681,5725921681,1767340825097,True,True,2026-01-02 08:00:25.097
3800988703,88869.95,9e-05,5725921682,5725921682,1767340825332,False,True,2026-01-02 08:00:25.332
3800988704,88869.95,0.00534,5725921683,5725921683,1767340825393,False,True,2026-01-02 08:00:25.393
3800988705,88869.95,0.01028,5725921684,5725921684,1767340825394,False,True,2026-01-02 08:00:25.394
3800988706,88869.95,0.00213,5725921685,5725921685,1767340825545,False,True,2026-01-02 08:00:25.545
3800988707,88869.94,0.00013,5725921686,5725921686,1767340825991,True,True,2026-01-02 08:00:25.991
3800988708,88869.95,0.01237,5725921687,5725921687,1767340826047,False,True,2026-01-02 08:00:26.047
3800988709,88869.94,0.00097,5725921688,5725921688,1767340826311,True,True,2026-01-02 08:00:26.311
3800988710,88869.94,0.01039,5725921689,5725921689,1767340826361,True,True,2026-01-02 08:00:26.361
3800988711,88869.95,0.00083,5725921690,5725921690,1767340827052,False,True,2026-01-02 08:00:27.052
3800988712,88869.95,0.00125,5725921691,5725921691,1767340827392,False,True,2026-01-02 08:00:27.392
3800988713,88869.95,0.0002,5725921692,5725921692,1767340827633,False,True,2026-01-02 08:00:27.633
3800988714,88869.95,0.00032,5725921693,5725921693,1767340827699,False,True,2026-01-02 08:00:27.699
3800988715,88869.95,0.00023,5725921694,5725921694,1767340827980,False,True,2026-01-02 08:00:27.980
3800988716,88869.95,0.00647,5725921695,5725921695,1767340828201,False,True,2026-01-02 08:00:28.201
3800988717,88869.94,0.06883,5725921696,5725921697,1767340828481,True,True,2026-01-02 08:00:28.481
3800988718,88869.95,0.00063,5725921698,5725921698,1767340829077,False,True,2026-01-02 08:00:29.077
3800988719,88869.95,0.00081,5725921699,5725921699,1767340829134,False,True,2026-01-02 08:00:29.134
3800988720,88869.95,0.02152,5725921700,5725921713,1767340829147,False,True,2026-01-02 08:00:29.147
3800988721,88869.95,0.02134,5725921714,5725921714,1767340829151,False,True,2026-01-02 08:00:29.151
3800988722,88869.95,0.00552,5725921715,5725921715,1767340829153,False,True,2026-01-02 08:00:29.153
3800988723,88869.95,0.00209,5725921716,5725921716,1767340829156,False,True,2026-01-02 08:00:29.156
3800988724,88869.95,0.0045,5725921717,5725921717,1767340829158,False,True,2026-01-02 08:00:29.158
3800988725,88869.95,0.01687,5725921718,5725921718,1767340829159,False,True,2026-01-02 08:00:29.159
3800988726,88869.95,0.01002,5725921719,5725921719,1767340829160,False,True,2026-01-02 08:00:29.160
3800988727,88869.95,0.0135,5725921720,5725921720,1767340829160,False,True,2026-01-02 08:00:29.160
3800988728,88869.95,0.00449,5725921721,5725921721,1767340829161,False,True,2026-01-02 08:00:29.161
3800988729,88869.95,0.00675,5725921722,5725921722,1767340829161,False,True,2026-01-02 08:00:29.161
3800988730,88869.95,0.0135,5725921723,5725921723,1767340829161,False,True,2026-01-02 08:00:29.161
3800988731,88869.95,0.00675,5725921724,5725921724,1767340829161,False,True,2026-01-02 08:00:29.161
3800988732,88869.95,0.01265,5725921725,5725921725,1767340829163,False,True,2026-01-02 08:00:29.163
3800988733,88869.95,0.01351,5725921726,5725921726,1767340829165,False,True,2026-01-02 08:00:29.165
3800988734,88869.95,0.00626,5725921727,5725921759,1767340829169,False,True,2026-01-02 08:00:29.169
3800988735,88869.95,0.005,5725921760,5725921760,1767340829171,False,True,2026-01-02 08:00:29.171
3800988736,88869.94,0.00023,5725921761,5725921761,1767340829178,True,True,2026-01-02 08:00:29.178
3800988737,88869.95,0.03851,5725921762,5725921794,1767340829182,False,True,2026-01-02 08:00:29.182
3800988738,88869.96,0.00051,5725921795,5725921801,1767340829182,False,True,2026-01-02 08:00:29.182
3800988739,88869.97,0.00027,5725921802,5725921804,1767340829182,False,True,2026-01-02 08:00:29.182
3800988740,88870.0,0.00201,5725921805,5725921809,1767340829182,False,True,2026-01-02 08:00:29.182
3800988741,88870.82,0.00018,5725921810,5725921812,1767340829182,False,True,2026-01-02 08:00:29.182
3800988742,88871.16,6e-05,5725921813,5725921813,1767340829182,False,True,2026-01-02 08:00:29.182
3800988743,88871.55,0.00018,5725921814,5725921816,1767340829182,False,True,2026-01-02 08:00:29.182
3800988744,88871.56,0.01324,5725921817,5725921817,1767340829182,False,True,2026-01-02 08:00:29.182
3800988745,88871.56,0.00222,5725921818,5725921849,1767340829203,False,True,2026-01-02 08:00:29.203
3800988746,88871.57,0.00096,5725921850,5725921865,1767340829203,False,True,2026-01-02 08:00:29.203
3800988747,88872.0,0.00407,5725921866,5725921871,1767340829203,False,True,2026-01-02 08:00:29.203
3800988748,88872.68,0.00039,5725921872,5725921876,1767340829203,False,True,2026-01-02 08:00:29.203
3800988749,88872.76,7e-05,5725921877,5725921877,1767340829203,False,True,2026-01-02 08:00:29.203
3800988750,88873.32,0.00018,5725921878,5725921880,1767340829203,False,True,2026-01-02 08:00:29.203
3800988751,88873.33,0.00604,5725921881,5725921887,1767340829203,False,True,2026-01-02 08:00:29.203
3800988752,88873.34,0.00802,5725921888,5725921891,1767340829203,False,True,2026-01-02 08:00:29.203
3800988753,88873.45,0.00536,5725921892,5725921895,1767340829203,False,True,2026-01-02 08:00:29.203
3800988754,88873.56,0.00012,5725921896,5725921897,1767340829203,False,True,2026-01-02 08:00:29.203
3800988755,88873.6,0.00334,5725921898,5725921930,1767340829209,False,True,2026-01-02 08:00:29.209
3800988756,88873.61,0.00135,5725921931,5725921951,1767340829209,False,True,2026-01-02 08:00:29.209
3800988757,88873.62,0.00027,5725921952,5725921954,1767340829209,False,True,2026-01-02 08:00:29.209
3800988758,88873.63,9e-05,5725921955,5725921955,1767340829209,False,True,2026-01-02 08:00:29.209
3800988759,88873.64,9e-05,5725921956,5725921956,1767340829209,False,True,2026-01-02 08:00:29.209
3800988760,88874.0,0.00414,5725921957,5725921992,1767340829213,False,True,2026-01-02 08:00:29.213
3800988761,88874.01,0.00135,5725921993,5725922013,1767340829213,False,True,2026-01-02 08:00:29.213
3800988762,88874.02,1e-05,5725922014,5725922014,1767340829213,False,True,2026-01-02 08:00:29.213
3800988763,88874.02,0.00026,5725922015,5725922017,1767340829215,False,True,2026-01-02 08:00:29.215
3800988764,88874.03,9e-05,5725922018,5725922018,1767340829215,False,True,2026-01-02 08:00:29.215
3800988765,88874.04,9e-05,5725922019,5725922019,1767340829215,False,True,2026-01-02 08:00:29.215
3800988766,88874.15,9e-05,5725922020,5725922020,1767340829215,False,True,2026-01-02 08:00:29.215
3800988767,88874.17,6e-05,5725922021,5725922021,1767340829215,False,True,2026-01-02 08:00:29.215
3800988768,88874.34,0.00258,5725922022,5725922022,1767340829215,False,True,2026-01-02 08:00:29.215
3800988769,88874.99,0.00012,5725922023,5725922024,1767340829215,False,True,2026-01-02 08:00:29.215
3800988770,88875.06,6e-05,5725922025,5725922025,1767340829215,False,True,2026-01-02 08:00:29.215
3800988771,88875.11,0.00012,5725922026,5725922026,1767340829215,False,True,2026-01-02 08:00:29.215
3800988772,88875.55,6e-05,5725922027,5725922027,1767340829215,False,True,2026-01-02 08:00:29.215
3800988773,88875.69,7e-05,5725922028,5725922028,1767340829215,False,True,2026-01-02 08:00:29.215
3800988774,88876.0,0.00144,5725922029,5725922030,1767340829215,False,True,2026-01-02 08:00:29.215
3800988775,88876.0,0.00284,5725922031,5725922039,1767340829216,False,True,2026-01-02 08:00:29.216
3800988776,88876.04,0.00012,5725922040,5725922041,1767340829216,False,True,2026-01-02 08:00:29.216
3800988777,88876.17,0.00054,5725922042,5725922043,1767340829216,False,True,2026-01-02 08:00:29.216
3800988778,88876.37,0.00018,5725922044,5725922046,1767340829216,False,True,2026-01-02 08:00:29.216
3800988779,88876.38,0.00286,5725922047,5725922047,1767340829216,False,True,2026-01-02 08:00:29.216
3800988780,88876.38,0.00174,5725922048,5725922048,1767340829219,False,True,2026-01-02 08:00:29.219
3800988781,88876.38,0.0395,5725922049,5725922049,1767340829221,False,True,2026-01-02 08:00:29.221
3800988782,88876.38,0.00777,5725922050,5725922066,1767340829224,False,True,2026-01-02 08:00:29.224
3800988783,88876.38,0.00045,5725922067,5725922073,1767340829239,False,True,2026-01-02 08:00:29.239
3800988784,88876.38,0.00045,5725922074,5725922082,1767340829239,False,True,2026-01-02 08:00:29.239
3800988785,88876.37,0.00045,5725922083,5725922083,1767340829243,True,True,2026-01-02 08:00:29.243
3800988786,88876.37,0.00045,5725922084,5725922084,1767340829248,True,True,2026-01-02 08:00:29.248
3800988787,88876.38,0.00091,5725922085,5725922096,1767340829249,False,True,2026-01-02 08:00:29.249
3800988788,88876.38,0.00045,5725922097,5725922102,1767340829257,False,True,2026-01-02 08:00:29.257
3800988789,88876.38,0.00114,5725922103,5725922119,1767340829265,False,True,2026-01-02 08:00:29.265
3800988790,88876.39,0.00096,5725922120,5725922135,1767340829265,False,True,2026-01-02 08:00:29.265
3800988791,88876.83,6e-05,5725922136,5725922136,1767340829265,False,True,2026-01-02 08:00:29.265
3800988792,88876.95,6e-05,5725922137,5725922137,1767340829265,False,True,2026-01-02 08:00:29.265
3800988793,88877.54,0.0014,5725922138,5725922141,1767340829265,False,True,2026-01-02 08:00:29.265
3800988794,88878.0,0.0018,5725922142,5725922143,1767340829265,False,True,2026-01-02 08:00:29.265
3800988795,88878.62,7e-05,5725922144,5725922144,1767340829265,False,True,2026-01-02 08:00:29.265
3800988796,88879.5,6e-05,5725922145,5725922145,1767340829265,False,True,2026-01-02 08:00:29.265
3800988797,88879.93,0.00018,5725922146,5725922148,1767340829265,False,True,2026-01-02 08:00:29.265
3800988798,88879.94,0.01705,5725922149,5725922152,1767340829265,False,True,2026-01-02 08:00:29.265
3800988799,88879.99,0.00018,5725922153,5725922155,1767340829265,False,True,2026-01-02 08:00:29.265
3800988800,88880.0,0.02648,5725922156,5725922162,1767340829265,False,True,2026-01-02 08:00:29.265
3800988801,88880.01,0.00029,5725922163,5725922163,1767340829265,False,True,2026-01-02 08:00:29.265
3800988802,88880.32,0.00612,5725922164,5725922167,1767340829265,False,True,2026-01-02 08:00:29.265
3800988803,88880.61,0.0018,5725922168,5725922168,1767340829265,False,True,2026-01-02 08:00:29.265
3800988804,88880.62,0.0001,5725922169,5725922169,1767340829265,False,True,2026-01-02 08:00:29.265
3800988805,88880.88,0.0005,5725922170,5725922170,1767340829265,False,True,2026-01-02 08:00:29.265
3800988806,88880.95,6e-05,5725922171,5725922171,1767340829265,False,True,2026-01-02 08:00:29.265
3800988807,88881.04,0.00012,5725922172,5725922172,1767340829265,False,True,2026-01-02 08:00:29.265
3800988808,88881.36,0.00012,5725922173,5725922174,1767340829265,False,True,2026-01-02 08:00:29.265
3800988809,88881.55,7e-05,5725922175,5725922175,1767340829265,False,True,2026-01-02 08:00:29.265
3800988810,88881.97,0.003,5725922176,5725922176,1767340829265,False,True,2026-01-02 08:00:29.265
3800988811,88882.0,0.0018,5725922177,5725922178,1767340829265,False,True,2026-01-02 08:00:29.265
3800988812,88882.59,6e-05,5725922179,5725922179,1767340829265,False,True,2026-01-02 08:00:29.265
3800988813,88883.06,6e-05,5725922180,5725922180,1767340829265,False,True,2026-01-02 08:00:29.265
3800988814,88883.38,0.00012,5725922181,5725922181,1767340829265,False,True,2026-01-02 08:00:29.265
3800988815,88883.44,0.00012,5725922182,5725922183,1767340829265,False,True,2026-01-02 08:00:29.265
3800988816,88883.7,0.00056,5725922184,5725922184,1767340829265,False,True,2026-01-02 08:00:29.265
3800988817,88884.0,0.0038,5725922185,5725922187,1767340829265,False,True,2026-01-02 08:00:29.265
3800988818,88884.03,0.00018,5725922188,5725922190,1767340829265,False,True,2026-01-02 08:00:29.265
3800988819,88884.04,0.00577,5725922191,5725922192,1767340829725,False,True,2026-01-02 08:00:29.725
3800988820,88884.04,0.00253,5725922193,5725922193,1767340830112,False,True,2026-01-02 08:00:30.112
3800988821,88884.04,0.00338,5725922194,5725922194,1767340830114,False,True,2026-01-02 08:00:30.114
3800988822,88884.03,9e-05,5725922195,5725922195,1767340830161,True,True,2026-01-02 08:00:30.161
3800988823,88884.03,0.00132,5725922196,5725922196,1767340830804,True,True,2026-01-02 08:00:30.804
3800988824,88884.04,0.00078,5725922197,5725922197,1767340830822,False,True,2026-01-02 08:00:30.822
3800988825,88884.03,0.00024,5725922198,5725922198,1767340830845,True,True,2026-01-02 08:00:30.845
3800988826,88884.04,0.02186,5725922199,5725922199,1767340831247,False,True,2026-01-02 08:00:31.247
3800988827,88884.04,0.01237,5725922200,5725922200,1767340831604,False,True,2026-01-02 08:00:31.604
3800988828,88884.04,0.00012,5725922201,5725922201,1767340831751,False,True,2026-01-02 08:00:31.751
3800988829,88884.04,0.00023,5725922202,5725922202,1767340831805,False,True,2026-01-02 08:00:31.805
3800988830,88884.04,0.00245,5725922203,5725922203,1767340831937,False,True,2026-01-02 08:00:31.937
3800988831,88884.03,6e-05,5725922204,5725922204,1767340832032,True,True,2026-01-02 08:00:32.032
3800988832,88884.04,0.00011,5725922205,5725922205,1767340832089,False,True,2026-01-02 08:00:32.089
3800988833,88884.03,0.00023,5725922206,5725922206,1767340832699,True,True,2026-01-02 08:00:32.699
3800988834,88884.04,0.00021,5725922207,5725922207,1767340832706,False,True,2026-01-02 08:00:32.706
3800988835,88884.03,0.00032,5725922208,5725922208,1767340832879,True,True,2026-01-02 08:00:32.879
3800988836,88884.04,0.04233,5725922209,5725922209,1767340833441,False,True,2026-01-02 08:00:33.441
3800988837,88884.04,0.00023,5725922210,5725922210,1767340833600,False,True,2026-01-02 08:00:33.600
3800988838,88884.03,0.00023,5725922211,5725922211,1767340834484,True,True,2026-01-02 08:00:34.484
3800988839,88884.03,9e-05,5725922212,5725922212,1767340834600,True,True,2026-01-02 08:00:34.600
3800988840,88884.04,0.0003,5725922213,5725922213,1767340834739,False,True,2026-01-02 08:00:34.739
3800988841,88884.03,0.00024,5725922214,5725922214,1767340835153,True,True,2026-01-02 08:00:35.153
3800988842,88884.04,0.00012,5725922215,5725922215,1767340835223,False,True,2026-01-02 08:00:35.223
3800988843,88884.04,0.00023,5725922216,5725922216,1767340835341,False,True,2026-01-02 08:00:35.341
3800988844,88884.04,9e-05,5725922217,5725922217,1767340835598,False,True,2026-01-02 08:00:35.598
3800988845,88884.03,0.00998,5725922218,5725922218,1767340836120,True,True,2026-01-02 08:00:36.120
3800988846,88884.03,0.00023,5725922219,5725922219,1767340836211,True,True,2026-01-02 08:00:36.211
3800988847,88884.03,0.00027,5725922220,5725922220,1767340836260,True,True,2026-01-02 08:00:36.260
3800988848,88884.03,0.00406,5725922221,5725922221,1767340836306,True,True,2026-01-02 08:00:36.306
3800988849,88884.04,0.00114,5725922222,5725922222,1767340836659,False,True,2026-01-02 08:00:36.659
3800988850,88884.04,0.00023,5725922223,5725922223,1767340837038,False,True,2026-01-02 08:00:37.038
3800988851,88884.04,6e-05,5725922224,5725922224,1767340837053,False,True,2026-01-02 08:00:37.053
3800988852,88884.04,0.01237,5725922225,5725922225,1767340837181,False,True,2026-01-02 08:00:37.181
3800988853,88884.03,0.00239,5725922226,5725922226,1767340837207,True,True,2026-01-02 08:00:37.207
3800988854,88884.04,0.00032,5725922227,5725922227,1767340837695,False,True,2026-01-02 08:00:37.695
3800988855,88884.03,0.00023,5725922228,5725922228,1767340837842,True,True,2026-01-02 08:00:37.842
3800988856,88884.04,0.02817,5725922229,5725922261,1767340838029,False,True,2026-01-02 08:00:38.029
3800988857,88884.04,0.00023,5725922262,5725922262,1767340838720,False,True,2026-01-02 08:00:38.720
3800988858,88884.04,0.00045,5725922263,5725922263,1767340838923,False,True,2026-01-02 08:00:38.923
3800988859,88884.04,9e-05,5725922264,5725922264,1767340839025,False,True,2026-01-02 08:00:39.025
3800988860,88884.03,0.00027,5725922265,5725922265,1767340839040,True,True,2026-01-02 08:00:39.040
3800988861,88884.03,0.00023,5725922266,5725922266,1767340839644,True,True,2026-01-02 08:00:39.644
3800988862,88884.03,0.00019,5725922267,5725922267,1767340839747,True,True,2026-01-02 08:00:39.747
3800988863,88884.04,0.00446,5725922268,5725922268,1767340839752,False,True,2026-01-02 08:00:39.752
3800988864,88884.04,0.00115,5725922269,5725922269,1767340839758,False,True,2026-01-02 08:00:39.758
3800988865,88884.04,0.00467,5725922270,5725922305,1767340839773,False,True,2026-01-02 08:00:39.773
3800988866,88884.03,9e-05,5725922306,5725922306,1767340840053,True,True,2026-01-02 08:00:40.053
3800988867,88884.04,0.00185,5725922307,5725922323,1767340840501,False,True,2026-01-02 08:00:40.501
3800988868,88884.04,0.00023,5725922324,5725922324,1767340840574,False,True,2026-01-02 08:00:40.574
3800988869,88884.03,0.00149,5725922325,5725922325,1767340840833,True,True,2026-01-02 08:00:40.833
3800988870,88884.03,0.00023,5725922326,5725922326,1767340841379,True,True,2026-01-02 08:00:41.379
3800988871,88884.04,0.01317,5725922327,5725922327,1767340841767,False,True,2026-01-02 08:00:41.767
3800988872,88884.04,0.00023,5725922328,5725922328,1767340842225,False,True,2026-01-02 08:00:42.225
3800988873,88884.03,0.00078,5725922329,5725922329,1767340842285,True,True,2026-01-02 08:00:42.285
3800988874,88884.03,0.00032,5725922330,5725922330,1767340842675,True,True,2026-01-02 08:00:42.675
3800988875,88884.04,0.00011,5725922331,5725922331,1767340842738,False,True,2026-01-02 08:00:42.738
3800988876,88884.04,0.01237,5725922332,5725922332,1767340842745,False,True,2026-01-02 08:00:42.745
3800988877,88884.03,0.00023,5725922333,5725922333,1767340843140,True,True,2026-01-02 08:00:43.140
3800988878,88884.04,0.00023,5725922334,5725922334,1767340843937,False,True,2026-01-02 08:00:43.937
3800988879,88884.04,0.00013,5725922335,5725922335,1767340844245,False,True,2026-01-02 08:00:44.245
3800988880,88884.04,0.00034,5725922336,5725922336,1767340844297,False,True,2026-01-02 08:00:44.297
3800988881,88884.04,0.002,5725922337,5725922337,1767340844758,False,True,2026-01-02 08:00:44.758
3800988882,88884.03,0.00023,5725922338,5725922338,1767340844820,True,True,2026-01-02 08:00:44.820
3800988883,88884.04,0.00436,5725922339,5725922339,1767340844978,False,True,2026-01-02 08:00:44.978
3800988884,88884.04,6e-05,5725922340,5725922340,1767340845036,False,True,2026-01-02 08:00:45.036
3800988885,88884.04,0.00503,5725922341,5725922341,1767340845134,False,True,2026-01-02 08:00:45.134
3800988886,88884.04,0.00014,5725922342,5725922342,1767340845151,False,True,2026-01-02 08:00:45.151
3800988887,88884.04,0.00012,5725922343,5725922343,1767340845207,False,True,2026-01-02 08:00:45.207
3800988888,88884.04,0.0001,5725922344,5725922344,1767340845270,False,True,2026-01-02 08:00:45.270
3800988889,88884.04,0.00012,5725922345,5725922345,1767340845678,False,True,2026-01-02 08:00:45.678
3800988890,88884.04,0.00023,5725922346,5725922346,1767340845681,False,True,2026-01-02 08:00:45.681
3800988891,88884.04,9e-05,5725922347,5725922347,1767340845776,False,True,2026-01-02 08:00:45.776
3800988892,88884.04,0.00034,5725922348,5725922348,1767340846137,False,True,2026-01-02 08:00:46.137
3800988893,88884.04,0.00563,5725922349,5725922349,1767340846277,False,True,2026-01-02 08:00:46.277
3800988894,88884.04,0.00012,5725922350,5725922350,1767340846372,False,True,2026-01-02 08:00:46.372
3800988895,88884.04,0.01654,5725922351,5725922351,1767340846381,False,True,2026-01-02 08:00:46.381
3800988896,88884.04,0.00012,5725922352,5725922352,1767340846437,False,True,2026-01-02 08:00:46.437
3800988897,88884.04,0.00013,5725922353,5725922353,1767340846485,False,True,2026-01-02 08:00:46.485
3800988898,88884.03,0.00023,5725922354,5725922354,1767340846586,True,True,2026-01-02 08:00:46.586
3800988899,88884.04,0.00012,5725922355,5725922355,1767340847093,False,True,2026-01-02 08:00:47.093
3800988900,88884.04,0.00019,5725922356,5725922356,1767340847177,False,True,2026-01-02 08:00:47.177
3800988901,88884.04,0.00023,5725922357,5725922357,1767340847408,False,True,2026-01-02 08:00:47.408
3800988902,88884.04,0.00014,5725922358,5725922358,1767340847408,False,True,2026-01-02 08:00:47.408
3800988903,88884.04,0.00012,5725922359,5725922359,1767340847745,False,True,2026-01-02 08:00:47.745
3800988904,88884.04,0.00348,5725922360,5725922360,1767340848135,False,True,2026-01-02 08:00:48.135
3800988905,88884.04,0.00218,5725922361,5725922361,1767340848137,False,True,2026-01-02 08:00:48.137
3800988906,88884.04,0.00231,5725922362,5725922362,1767340848175,False,True,2026-01-02 08:00:48.175
3800988907,88884.04,0.00335,5725922363,5725922363,1767340848177,False,True,2026-01-02 08:00:48.177
3800988908,88884.04,0.00032,5725922364,5725922364,1767340848205,False,True,2026-01-02 08:00:48.205
3800988909,88884.04,0.00335,5725922365,5725922365,1767340848211,False,True,2026-01-02 08:00:48.211
3800988910,88884.03,0.00023,5725922366,5725922366,1767340848236,True,True,2026-01-02 08:00:48.236
3800988911,88884.03,0.00041,5725922367,5725922367,1767340848257,True,True,2026-01-02 08:00:48.257
3800988912,88884.04,0.00021,5725922368,5725922368,1767340848258,False,True,2026-01-02 08:00:48.258
3800988913,88884.03,0.00031,5725922369,5725922369,1767340848260,True,True,2026-01-02 08:00:48.260
3800988914,88884.04,0.01237,5725922370,5725922370,1767340848261,False,True,2026-01-02 08:00:48.261
3800988915,88884.03,0.00202,5725922371,5725922371,1767340848584,True,True,2026-01-02 08:00:48.584
3800988916,88884.04,0.00023,5725922372,5725922372,1767340849064,False,True,2026-01-02 08:00:49.064
3800988917,88884.04,0.00953,5725922373,5725922373,1767340849244,False,True,2026-01-02 08:00:49.244
3800988918,88884.03,0.00066,5725922374,5725922374,1767340849403,True,True,2026-01-02 08:00:49.403
3800988919,88884.03,0.00133,5725922375,5725922375,1767340849467,True,True,2026-01-02 08:00:49.467
3800988920,88884.03,0.00253,5725922376,5725922376,1767340849556,True,True,2026-01-02 08:00:49.556
3800988921,88884.04,0.00063,5725922377,5725922377,1767340849805,False,True,2026-01-02 08:00:49.805
3800988922,88884.04,6e-05,5725922378,5725922378,1767340849868,False,True,2026-01-02 08:00:49.868
3800988923,88884.04,0.00193,5725922379,5725922379,1767340850101,False,True,2026-01-02 08:00:50.101
3800988924,88884.03,0.00023,5725922380,5725922380,1767340850130,True,True,2026-01-02 08:00:50.130
3800988925,88884.04,0.00128,5725922381,5725922381,1767340850286,False,True,2026-01-02 08:00:50.286
3800988926,88884.03,0.00459,5725922382,5725922382,1767340850362,True,True,2026-01-02 08:00:50.362
3800988927,88884.04,0.00169,5725922383,5725922383,1767340850386,False,True,2026-01-02 08:00:50.386
3800988928,88884.04,0.0002,5725922384,5725922384,1767340850543,False,True,2026-01-02 08:00:50.543
3800988929,88884.03,9e-05,5725922385,5725922385,1767340850545,True,True,2026-01-02 08:00:50.545
3800988930,88884.04,0.00032,5725922386,5725922386,1767340850576,False,True,2026-01-02 08:00:50.576
3800988931,88884.03,0.00751,5725922387,5725922387,1767340850736,True,True,2026-01-02 08:00:50.736
3800988932,88884.04,0.00449,5725922388,5725922388,1767340850877,False,True,2026-01-02 08:00:50.877
3800988933,88884.03,6e-05,5725922389,5725922389,1767340851057,True,True,2026-01-02 08:00:51.057
3800988934,88884.04,0.00106,5725922390,5725922390,1767340851285,False,True,2026-01-02 08:00:51.285
3800988935,88884.04,0.03212,5725922391,5725922432,1767340851645,False,True,2026-01-02 08:00:51.645
3800988936,88884.05,0.00275,5725922433,5725922447,1767340851653,False,True,2026-01-02 08:00:51.653
3800988937,88884.05,0.00192,5725922448,5725922474,1767340851661,False,True,2026-01-02 08:00:51.661
3800988938,88884.06,0.00117,5725922475,5725922492,1767340851661,False,True,2026-01-02 08:00:51.661
3800988939,88884.33,6e-05,5725922493,5725922493,1767340851661,False,True,2026-01-02 08:00:51.661
3800988940,88884.48,7e-05,5725922494,5725922494,1767340851661,False,True,2026-01-02 08:00:51.661
3800988941,88884.54,6e-05,5725922495,5725922495,1767340851661,False,True,2026-01-02 08:00:51.661
3800988942,88884.96,0.00018,5725922496,5725922498,1767340851661,False,True,2026-01-02 08:00:51.661
3800988943,88884.97,0.00039,5725922499,5725922503,1767340851661,False,True,2026-01-02 08:00:51.661
3800988944,88885.38,0.00018,5725922504,5725922506,1767340851661,False,True,2026-01-02 08:00:51.661
3800988945,88885.39,0.00037,5725922507,5725922507,1767340851661,False,True,2026-01-02 08:00:51.661
3800988946,88885.39,0.0024,5725922508,5725922542,1767340851670,False,True,2026-01-02 08:00:51.670
3800988947,88885.4,0.0009,5725922543,5725922557,1767340851670,False,True,2026-01-02 08:00:51.670
3800988948,88885.69,6e-05,5725922558,5725922558,1767340851670,False,True,2026-01-02 08:00:51.670
3800988949,88885.89,6e-05,5725922559,5725922559,1767340851670,False,True,2026-01-02 08:00:51.670
3800988950,88886.0,0.00207,5725922560,5725922564,1767340851670,False,True,2026-01-02 08:00:51.670
3800988951,88886.5,0.00018,5725922565,5725922567,1767340851670,False,True,2026-01-02 08:00:51.670
3800988952,88886.51,0.0217,5725922568,5725922573,1767340851670,False,True,2026-01-02 08:00:51.670
3800988953,88886.58,6e-05,5725922574,5725922574,1767340851670,False,True,2026-01-02 08:00:51.670
3800988954,88886.67,0.00018,5725922575,5725922577,1767340851670,False,True,2026-01-02 08:00:51.670
3800988955,88886.68,0.00615,5725922578,5725922578,1767340851670,False,True,2026-01-02 08:00:51.670
3800988956,88886.68,0.00585,5725922579,5725922591,1767340851677,False,True,2026-01-02 08:00:51.677
3800988957,88886.68,0.00231,5725922592,5725922622,1767340851745,False,True,2026-01-02 08:00:51.745
3800988958,88886.69,0.00123,5725922623,5725922641,1767340851745,False,True,2026-01-02 08:00:51.745
3800988959,88887.13,0.00018,5725922642,5725922644,1767340851745,False,True,2026-01-02 08:00:51.745
3800988960,88887.14,0.00039,5725922645,5725922649,1767340851746,False,True,2026-01-02 08:00:51.746
3800988961,88887.41,0.00016,5725922650,5725922651,1767340851746,False,True,2026-01-02 08:00:51.746
3800988962,88887.46,0.00018,5725922652,5725922654,1767340851746,False,True,2026-01-02 08:00:51.746
3800988963,88887.47,0.01291,5725922655,5725922655,1767340851746,False,True,2026-01-02 08:00:51.746
3800988964,88887.47,0.02,5725922656,5725922656,1767340851747,False,True,2026-01-02 08:00:51.747
3800988965,88887.47,0.01384,5725922657,5725922657,1767340851747,False,True,2026-01-02 08:00:51.747
3800988966,88887.47,0.00038,5725922658,5725922658,1767340851748,False,True,2026-01-02 08:00:51.748
3800988967,88887.47,0.02817,5725922659,5725922659,1767340851748,False,True,2026-01-02 08:00:51.748
3800988968,88887.47,0.00252,5725922660,5725922696,1767340851752,False,True,2026-01-02 08:00:51.752
3800988969,88887.48,0.00096,5725922697,5725922712,1767340851752,False,True,2026-01-02 08:00:51.752
3800988970,88887.54,6e-05,5725922713,5725922713,1767340851752,False,True,2026-01-02 08:00:51.752
3800988971,88887.6,0.00204,5725922714,5725922714,1767340851752,False,True,2026-01-02 08:00:51.752
3800988972,88887.6,0.00039,5725922715,5725922715,1767340851755,False,True,2026-01-02 08:00:51.755
3800988973,88887.6,0.00235,5725922716,5725922740,1767340851757,False,True,2026-01-02 08:00:51.757
3800988974,88887.6,0.00196,5725922741,5725922767,1767340851798,False,True,2026-01-02 08:00:51.798
3800988975,88887.61,0.00096,5725922768,5725922783,1767340851798,False,True,2026-01-02 08:00:51.798
3800988976,88888.0,0.00319,5725922784,5725922786,1767340851798,False,True,2026-01-02 08:00:51.798
3800988977,88888.0,0.00088,5725922787,5725922790,1767340851798,False,True,2026-01-02 08:00:51.798
3800988978,88888.35,6e-05,5725922791,5725922791,1767340851798,False,True,2026-01-02 08:00:51.798
3800988979,88888.72,6e-05,5725922792,5725922792,1767340851798,False,True,2026-01-02 08:00:51.798
3800988980,88888.76,0.00039,5725922793,5725922797,1767340851798,False,True,2026-01-02 08:00:51.798
3800988981,88889.39,6e-05,5725922798,5725922798,1767340851798,False,True,2026-01-02 08:00:51.798
3800988982,88889.99,0.00018,5725922799,5725922801,1767340851798,False,True,2026-01-02 08:00:51.798
3800988983,88890.0,0.01524,5725922802,5725922804,1767340851798,False,True,2026-01-02 08:00:51.798
3800988984,88890.0,0.00057,5725922805,5725922808,1767340851798,False,True,2026-01-02 08:00:51.798
3800988985,88890.02,0.00018,5725922809,5725922811,1767340851798,False,True,2026-01-02 08:00:51.798
3800988986,88890.03,0.01176,5725922812,5725922815,1767340851798,False,True,2026-01-02 08:00:51.798
3800988987,88890.18,0.00018,5725922816,5725922818,1767340851798,False,True,2026-01-02 08:00:51.798
3800988988,88890.19,0.00081,5725922819,5725922820,1767340851798,False,True,2026-01-02 08:00:51.798
3800988989,88890.19,0.0045,5725922821,5725922821,1767340851799,False,True,2026-01-02 08:00:51.799
3800988990,88890.19,0.00675,5725922822,5725922822,1767340851799,False,True,2026-01-02 08:00:51.799
3800988991,88890.19,0.00236,5725922823,5725922825,1767340851799,False,True,2026-01-02 08:00:51.799
3800988992,88890.26,0.00045,5725922826,5725922826,1767340851799,False,True,2026-01-02 08:00:51.799
3800988993,88890.34,7e-05,5725922827,5725922827,1767340851799,False,True,2026-01-02 08:00:51.799
3800988994,88890.78,6e-05,5725922828,5725922828,1767340851799,False,True,2026-01-02 08:00:51.799
3800988995,88892.0,0.0038,5725922829,5725922831,1767340851799,False,True,2026-01-02 08:00:51.799
3800988996,88892.04,1e-05,5725922832,5725922832,1767340851799,False,True,2026-01-02 08:00:51.799
3800988997,88892.04,5e-05,5725922833,5725922833,1767340851800,False,True,2026-01-02 08:00:51.800
3800988998,88892.56,0.00012,5725922834,5725922835,1767340851800,False,True,2026-01-02 08:00:51.800
3800988999,88892.57,0.00012,5725922836,5725922837,1767340851800,False,True,2026-01-02 08:00:51.800
3800989000,88892.93,0.00012,5725922838,5725922839,1767340851800,False,True,2026-01-02 08:00:51.800
3800989001,88893.06,0.00112,5725922840,5725922840,1767340851800,False,True,2026-01-02 08:00:51.800
3800989002,88893.11,6e-05,5725922841,5725922841,1767340851800,False,True,2026-01-02 08:00:51.800
3800989003,88893.27,7e-05,5725922842,5725922842,1767340851800,False,True,2026-01-02 08:00:51.800
3800989004,88893.62,0.00018,5725922843,5725922845,1767340851800,False,True,2026-01-02 08:00:51.800
3800989005,88893.63,0.00012,5725922846,5725922847,1767340851800,False,True,2026-01-02 08:00:51.800
3800989006,88894.0,0.0018,5725922848,5725922849,1767340851800,False,True,2026-01-02 08:00:51.800
3800989007,88894.16,6e-05,5725922850,5725922850,1767340851800,False,True,2026-01-02 08:00:51.800
3800989008,88894.17,0.00968,5725922851,5725922851,1767340851800,False,True,2026-01-02 08:00:51.800
3800989009,88894.17,0.01351,5725922852,5725922852,1767340851800,False,True,2026-01-02 08:00:51.800
3800989010,88894.16,0.002,5725922853,5725922853,1767340852235,True,True,2026-01-02 08:00:52.235
3800989011,88894.17,0.00067,5725922854,5725922854,1767340853034,False,True,2026-01-02 08:00:53.034
3800989012,88894.16,0.03333,5725922855,5725922855,1767340853398,True,True,2026-01-02 08:00:53.398
3800989013,88894.16,0.03333,5725922856,5725922857,1767340853398,True,True,2026-01-02 08:00:53.398
3800989014,88894.16,0.03333,5725922858,5725922858,1767340853398,True,True,2026-01-02 08:00:53.398
3800989015,88894.16,0.03333,5725922859,5725922884,1767340853398,True,True,2026-01-02 08:00:53.398
3800989016,88894.16,0.03333,5725922885,5725922885,1767340853398,True,True,2026-01-02 08:00:53.398
3800989017,88894.16,0.03333,5725922886,5725922889,1767340853398,True,True,2026-01-02 08:00:53.398
3800989018,88894.16,0.03333,5725922890,5725922890,1767340853398,True,True,2026-01-02 08:00:53.398
3800989019,88894.16,0.03333,5725922891,5725922892,1767340853399,True,True,2026-01-02 08:00:53.399
3800989020,88894.17,0.00282,5725922893,5725922893,1767340853572,False,True,2026-01-02 08:00:53.572
3800989021,88894.17,0.01237,5725922894,5725922894,1767340853798,False,True,2026-01-02 08:00:53.798
3800989022,88894.16,0.00776,5725922895,5725922895,1767340854226,True,True,2026-01-02 08:00:54.226
3800989023,88894.17,0.01126,5725922896,5725922896,1767340854439,False,True,2026-01-02 08:00:54.439
3800989024,88894.16,0.00086,5725922897,5725922897,1767340854886,True,True,2026-01-02 08:00:54.886
3800989025,88894.17,0.00016,5725922898,5725922898,1767340855447,False,True,2026-01-02 08:00:55.447
3800989026,88894.17,9e-05,5725922899,5725922899,1767340855453,False,True,2026-01-02 08:00:55.453
3800989027,88894.17,1.0,5725922900,5725922910,1767340856096,False,True,2026-01-02 08:00:56.096
3800989028,88894.17,9e-05,5725922911,5725922911,1767340857614,False,True,2026-01-02 08:00:57.614
3800989029,88894.16,0.00057,5725922912,5725922912,1767340858552,True,True,2026-01-02 08:00:58.552
3800989030,88894.17,0.00147,5725922913,5725922913,1767340859056,False,True,2026-01-02 08:00:59.056
3800989031,88894.16,0.00016,5725922914,5725922914,1767340859156,True,True,2026-01-02 08:00:59.156
3800989032,88894.17,0.01237,5725922915,5725922915,1767340859383,False,True,2026-01-02 08:00:59.383
3800989033,88894.17,0.26513,5725922916,5725922917,1767340859385,False,True,2026-01-02 08:00:59.385
3800989034,88894.16,8e-05,5725922918,5725922918,1767340859536,True,True,2026-01-02 08:00:59.536
3800989035,88894.16,0.00373,5725922919,5725922919,1767340859768,True,True,2026-01-02 08:00:59.768
3800989036,88894.17,0.00169,5725922920,5725922921,1767340860026,False,True,2026-01-02 08:01:00.026
3800989037,88894.17,0.00282,5725922922,5725922922,1767340860087,False,True,2026-01-02 08:01:00.087
3800989038,88894.17,0.00771,5725922923,5725922923,1767340860152,False,True,2026-01-02 08:01:00.152
3800989039,88894.16,0.01015,5725922924,5725922924,1767340860293,True,True,2026-01-02 08:01:00.293
3800989040,88894.16,9e-05,5725922925,5725922925,1767340860526,True,True,2026-01-02 08:01:00.526
3800989041,88894.17,0.00017,5725922926,5725922926,1767340860593,False,True,2026-01-02 08:01:00.593
3800989042,88894.16,0.0755,5725922927,5725922929,1767340861005,True,True,2026-01-02 08:01:01.005
3800989043,88894.16,0.0003,5725922930,5725922930,1767340861235,True,True,2026-01-02 08:01:01.235
3800989044,88894.16,0.04667,5725922931,5725922932,1767340861248,True,True,2026-01-02 08:01:01.248
3800989045,88894.16,0.04956,5725922933,5725922939,1767340861249,True,True,2026-01-02 08:01:01.249
3800989046,88894.16,0.00101,5725922940,5725922940,1767340861284,True,True,2026-01-02 08:01:01.284
3800989047,88894.16,0.01785,5725922941,5725922967,1767340861437,True,True,2026-01-02 08:01:01.437
3800989048,88894.16,0.00045,5725922968,5725922968,1767340861541,True,True,2026-01-02 08:01:01.541
3800989049,88894.17,0.00238,5725922969,5725922969,1767340861888,False,True,2026-01-02 08:01:01.888
3800989050,88894.16,0.00071,5725922970,5725922970,1767340862151,True,True,2026-01-02 08:01:02.151
3800989051,88894.17,0.00016,5725922971,5725922971,1767340862379,False,True,2026-01-02 08:01:02.379
3800989052,88894.16,0.00124,5725922972,5725922972,1767340862850,True,True,2026-01-02 08:01:02.850
3800989053,88894.17,0.0099,5725922973,5725922973,1767340863386,False,True,2026-01-02 08:01:03.386
3800989054,88894.16,0.00011,5725922974,5725922974,1767340863508,True,True,2026-01-02 08:01:03.508
3800989055,88894.17,0.00042,5725922975,5725922975,1767340864533,False,True,2026-01-02 08:01:04.533
3800989056,88894.17,0.01237,5725922976,5725922976,1767340864920,False,True,2026-01-02 08:01:04.920
3800989057,88894.16,0.00112,5725922977,5725922983,1767340865273,True,True,2026-01-02 08:01:05.273
3800989058,88894.16,0.00066,5725922984,5725922984,1767340865327,True,True,2026-01-02 08:01:05.327
3800989059,88894.17,9e-05,5725922985,5725922985,1767340865807,False,True,2026-01-02 08:01:05.807
3800989060,88894.16,0.002,5725922986,5725922986,1767340868431,True,True,2026-01-02 08:01:08.431
3800989061,88894.16,0.00015,5725922987,5725922987,1767340868869,True,True,2026-01-02 08:01:08.869
3800989062,88894.17,0.00023,5725922988,5725922989,1767340869002,False,True,2026-01-02 08:01:09.002
3800989063,88894.17,0.00649,5725922990,5725922990,1767340869620,False,True,2026-01-02 08:01:09.620
3800989064,88894.16,0.00023,5725922991,5725922991,1767340869911,True,True,2026-01-02 08:01:09.911
3800989065,88894.17,5e-05,5725922992,5725922992,1767340870337,False,True,2026-01-02 08:01:10.337
3800989066,88894.16,0.01112,5725922993,5725922993,1767340870380,True,True,2026-01-02 08:01:10.380
3800989067,88894.17,0.01237,5725922994,5725922994,1767340870450,False,True,2026-01-02 08:01:10.450
3800989068,88894.16,9e-05,5725922995,5725922995,1767340870487,True,True,2026-01-02 08:01:10.487
3800989069,88894.17,0.00011,5725922996,5725922996,1767340870544,False,True,2026-01-02 08:01:10.544
3800989070,88894.16,0.01968,5725922997,5725922997,1767340870727,True,True,2026-01-02 08:01:10.727
3800989071,88894.17,0.00023,5725922998,5725922998,1767340870746,False,True,2026-01-02 08:01:10.746
3800989072,88894.17,0.01188,5725922999,5725922999,1767340870799,False,True,2026-01-02 08:01:10.799
3800989073,88894.16,0.07565,5725923000,5725923000,1767340871059,True,True,2026-01-02 08:01:11.059
3800989074,88894.17,0.00296,5725923001,5725923001,1767340871123,False,True,2026-01-02 08:01:11.123
3800989075,88894.17,0.00017,5725923002,5725923002,1767340871158,False,True,2026-01-02 08:01:11.158
3800989076,88894.16,0.00164,5725923003,5725923003,1767340871390,True,True,2026-01-02 08:01:11.390
3800989077,88894.16,0.00023,5725923004,5725923004,1767340871653,True,True,2026-01-02 08:01:11.653
3800989078,88894.17,0.00169,5725923005,5725923005,1767340871882,False,True,2026-01-02 08:01:11.882
3800989079,88894.17,0.02816,5725923006,5725923006,1767340871975,False,True,2026-01-02 08:01:11.975
3800989080,88894.16,0.00066,5725923007,5725923007,1767340872090,True,True,2026-01-02 08:01:12.090
3800989081,88894.17,0.00022,5725923008,5725923008,1767340872998,False,True,2026-01-02 08:01:12.998
3800989082,88894.17,0.0016,5725923009,5725923009,1767340874465,False,True,2026-01-02 08:01:14.465
3800989083,88894.17,0.02816,5725923010,5725923024,1767340874705,False,True,2026-01-02 08:01:14.705
3800989084,88894.17,0.00571,5725923025,5725923025,1767340874722,False,True,2026-01-02 08:01:14.722
3800989085,88894.17,0.00425,5725923026,5725923027,1767340874722,False,True,2026-01-02 08:01:14.722
3800989086,88894.17,0.01907,5725923028,5725923061,1767340874725,False,True,2026-01-02 08:01:14.725
3800989087,88894.18,0.00042,5725923062,5725923068,1767340874725,False,True,2026-01-02 08:01:14.725
3800989088,88894.84,0.003,5725923069,5725923069,1767340874725,False,True,2026-01-02 08:01:14.725
3800989089,88895.44,6e-05,5725923070,5725923070,1767340874725,False,True,2026-01-02 08:01:14.725
3800989090,88895.54,6e-05,5725923071,5725923071,1767340874725,False,True,2026-01-02 08:01:14.725
3800989091,88896.0,0.0038,5725923072,5725923074,1767340874725,False,True,2026-01-02 08:01:14.725
3800989092,88896.2,7e-05,5725923075,5725923075,1767340874725,False,True,2026-01-02 08:01:14.725
3800989093,88896.33,6e-05,5725923076,5725923076,1767340874725,False,True,2026-01-02 08:01:14.725
3800989094,88897.5,6e-05,5725923077,5725923077,1767340874725,False,True,2026-01-02 08:01:14.725
3800989095,88897.67,6e-05,5725923078,5725923078,1767340874725,False,True,2026-01-02 08:01:14.725
3800989096,88898.0,0.0018,5725923079,5725923080,1767340874725,False,True,2026-01-02 08:01:14.725
3800989097,88898.29,0.00018,5725923081,5725923083,1767340874725,False,True,2026-01-02 08:01:14.725
3800989098,88898.3,0.00039,5725923084,5725923084,1767340874725,False,True,2026-01-02 08:01:14.725
3800989099,88898.3,0.00012,5725923085,5725923085,1767340874726,False,True,2026-01-02 08:01:14.726
3800989100,88898.3,0.00476,5725923086,5725923086,1767340874742,False,True,2026-01-02 08:01:14.742
3800989101,88898.3,0.00796,5725923087,5725923087,1767340874751,False,True,2026-01-02 08:01:14.751
3800989102,88898.29,0.00337,5725923088,5725923088,1767340874921,True,True,2026-01-02 08:01:14.921
3800989103,88898.29,0.03642,5725923089,5725923089,1767340875243,True,True,2026-01-02 08:01:15.243
3800989104,88898.3,9e-05,5725923090,5725923090,1767340875601,False,True,2026-01-02 08:01:15.601
3800989105,88898.29,0.00011,5725923091,5725923091,1767340875656,True,True,2026-01-02 08:01:15.656
3800989106,88898.3,0.00029,5725923092,5725923092,1767340875666,False,True,2026-01-02 08:01:15.666
3800989107,88898.3,0.00126,5725923093,5725923093,1767340875905,False,True,2026-01-02 08:01:15.905
3800989108,88898.3,0.01237,5725923094,5725923094,1767340876017,False,True,2026-01-02 08:01:16.017
3800989109,88898.3,0.00046,5725923095,5725923095,1767340876458,False,True,2026-01-02 08:01:16.458
3800989110,88898.3,0.00015,5725923096,5725923096,1767340877242,False,True,2026-01-02 08:01:17.242
3800989111,88898.29,0.00105,5725923097,5725923097,1767340877371,True,True,2026-01-02 08:01:17.371
3800989112,88898.3,0.02816,5725923098,5725923098,1767340877494,False,True,2026-01-02 08:01:17.494
3800989113,88898.3,0.00021,5725923099,5725923099,1767340877564,False,True,2026-01-02 08:01:17.564
3800989114,88898.3,0.0008,5725923100,5725923100,1767340877912,False,True,2026-01-02 08:01:17.912
3800989115,88898.29,0.00011,5725923101,5725923101,1767340878025,True,True,2026-01-02 08:01:18.025
3800989116,88898.3,0.0004,5725923102,5725923102,1767340878034,False,True,2026-01-02 08:01:18.034
3800989117,88898.3,0.03376,5725923103,5725923103,1767340879375,False,True,2026-01-02 08:01:19.375
3800989118,88898.3,0.02816,5725923104,5725923104,1767340879383,False,True,2026-01-02 08:01:19.383
3800989119,88898.3,0.00023,5725923105,5725923108,1767340879425,False,True,2026-01-02 08:01:19.425
3800989120,88898.3,0.03363,5725923109,5725923135,1767340879515,False,True,2026-01-02 08:01:19.515
3800989121,88898.31,0.0009,5725923136,5725923150,1767340879515,False,True,2026-01-02 08:01:19.515
3800989122,88898.68,0.00065,5725923151,5725923151,1767340879515,False,True,2026-01-02 08:01:19.515
3800989123,88898.72,0.00143,5725923152,5725923152,1767340879515,False,True,2026-01-02 08:01:19.515
3800989124,88898.8,6e-05,5725923153,5725923153,1767340879515,False,True,2026-01-02 08:01:19.515
3800989125,88899.13,7e-05,5725923154,5725923154,1767340879515,False,True,2026-01-02 08:01:19.515
3800989126,88899.2,0.00018,5725923155,5725923157,1767340879515,False,True,2026-01-02 08:01:19.515
3800989127,88899.21,0.00968,5725923158,5725923160,1767340879515,False,True,2026-01-02 08:01:19.515
3800989128,88899.43,6e-05,5725923161,5725923161,1767340879515,False,True,2026-01-02 08:01:19.515
3800989129,88899.58,6e-05,5725923162,5725923162,1767340879515,False,True,2026-01-02 08:01:19.515
3800989130,88899.87,6e-05,5725923163,5725923163,1767340879515,False,True,2026-01-02 08:01:19.515
3800989131,88899.99,0.0004,5725923164,5725923167,1767340879515,False,True,2026-01-02 08:01:19.515
3800989132,88899.99,0.00044,5725923168,5725923168,1767340879601,True,True,2026-01-02 08:01:19.601
3800989133,88900.0,0.00017,5725923169,5725923169,1767340879603,False,True,2026-01-02 08:01:19.603
3800989134,88900.0,0.00016,5725923170,5725923170,1767340879691,False,True,2026-01-02 08:01:19.691
3800989135,88899.99,9e-05,5725923171,5725923171,1767340880025,True,True,2026-01-02 08:01:20.025
3800989136,88899.99,9e-05,5725923172,5725923172,1767340880159,True,True,2026-01-02 08:01:20.159
3800989137,88899.99,0.00023,5725923173,5725923173,1767340880524,True,True,2026-01-02 08:01:20.524
3800989138,88900.0,0.00027,5725923174,5725923174,1767340881200,False,True,2026-01-02 08:01:21.200
3800989139,88900.0,0.00023,5725923175,5725923175,1767340881421,False,True,2026-01-02 08:01:21.421
3800989140,88900.0,0.01237,5725923176,5725923176,1767340881590,False,True,2026-01-02 08:01:21.590
3800989141,88899.99,0.00212,5725923177,5725923177,1767340881870,True,True,2026-01-02 08:01:21.870
3800989142,88899.99,0.00023,5725923178,5725923178,1767340882309,True,True,2026-01-02 08:01:22.309
3800989143,88900.0,0.00023,5725923179,5725923179,1767340883172,False,True,2026-01-02 08:01:23.172
3800989144,88899.99,0.00023,5725923180,5725923180,1767340884081,True,True,2026-01-02 08:01:24.081
3800989145,88900.0,0.00032,5725923181,5725923181,1767340884348,False,True,2026-01-02 08:01:24.348
3800989146,88899.99,0.00335,5725923182,5725923182,1767340884777,True,True,2026-01-02 08:01:24.777
3800989147,88900.0,9e-05,5725923183,5725923183,1767340885067,False,True,2026-01-02 08:01:25.067
3800989148,88900.0,0.00017,5725923184,5725923184,1767340885220,False,True,2026-01-02 08:01:25.220
3800989149,88900.0,0.00012,5725923185,5725923185,1767340885737,False,True,2026-01-02 08:01:25.737
3800989150,88900.0,0.00023,5725923186,5725923186,1767340886423,False,True,2026-01-02 08:01:26.423
3800989151,88900.0,0.0009,5725923187,5725923187,1767340886643,False,True,2026-01-02 08:01:26.643
3800989152,88900.0,0.01237,5725923188,5725923188,1767340887127,False,True,2026-01-02 08:01:27.127
3800989153,88899.99,0.00503,5725923189,5725923189,1767340887155,True,True,2026-01-02 08:01:27.155
3800989154,88899.99,0.00679,5725923190,5725923190,1767340887156,True,True,2026-01-02 08:01:27.156
3800989155,88899.99,0.00397,5725923191,5725923191,1767340887156,True,True,2026-01-02 08:01:27.156
3800989156,88899.99,0.00961,5725923192,5725923192,1767340887157,True,True,2026-01-02 08:01:27.157
3800989157,88899.99,0.01479,5725923193,5725923193,1767340887172,True,True,2026-01-02 08:01:27.172
3800989158,88899.99,0.0156,5725923194,5725923205,1767340887178,True,True,2026-01-02 08:01:27.178
3800989159,88899.99,0.68105,5725923206,5725923281,1767340887216,True,True,2026-01-02 08:01:27.216
3800989160,88899.98,0.00258,5725923282,5725923294,1767340887216,True,True,2026-01-02 08:01:27.216
3800989161,88899.98,0.00057,5725923295,5725923304,1767340887218,True,True,2026-01-02 08:01:27.218
3800989162,88899.98,0.0017,5725923305,5725923329,1767340887220,True,True,2026-01-02 08:01:27.220
3800989163,88899.98,0.00043,5725923330,5725923336,1767340887220,True,True,2026-01-02 08:01:27.220
3800989164,88899.97,0.00102,5725923337,5725923353,1767340887220,True,True,2026-01-02 08:01:27.220
3800989165,88899.52,0.00026,5725923354,5725923354,1767340887220,True,True,2026-01-02 08:01:27.220
3800989166,88899.52,0.00132,5725923355,5725923358,1767340887220,True,True,2026-01-02 08:01:27.220
3800989167,88899.49,6e-05,5725923359,5725923359,1767340887220,True,True,2026-01-02 08:01:27.220
3800989168,88899.0,6e-05,5725923360,5725923360,1767340887220,True,True,2026-01-02 08:01:27.220
3800989169,88898.3,0.00028,5725923361,5725923364,1767340887220,True,True,2026-01-02 08:01:27.220
3800989170,88898.3,0.00164,5725923365,5725923389,1767340887223,True,True,2026-01-02 08:01:27.223
3800989171,88898.29,0.00032,5725923390,5725923390,1767340887223,True,True,2026-01-02 08:01:27.223
3800989172,88898.29,0.00197,5725923391,5725923392,1767340887223,True,True,2026-01-02 08:01:27.223
3800989173,88898.29,0.00196,5725923393,5725923393,1767340887224,True,True,2026-01-02 08:01:27.224
3800989174,88898.29,0.00592,5725923394,5725923394,1767340887224,True,True,2026-01-02 08:01:27.224
3800989175,88898.29,0.00593,5725923395,5725923395,1767340887224,True,True,2026-01-02 08:01:27.224
3800989176,88898.29,0.00463,5725923396,5725923417,1767340887224,True,True,2026-01-02 08:01:27.224
3800989177,88898.11,6e-05,5725923418,5725923418,1767340887224,True,True,2026-01-02 08:01:27.224
3800989178,88897.79,6e-05,5725923419,5725923419,1767340887224,True,True,2026-01-02 08:01:27.224
3800989179,88897.5,6e-05,5725923420,5725923420,1767340887224,True,True,2026-01-02 08:01:27.224
3800989180,88896.77,0.00018,5725923421,5725923423,1767340887224,True,True,2026-01-02 08:01:27.224
3800989181,88896.76,0.00093,5725923424,5725923424,1767340887224,True,True,2026-01-02 08:01:27.224
3800989182,88896.76,0.00593,5725923425,5725923425,1767340887224,True,True,2026-01-02 08:01:27.224
3800989183,88896.76,0.00592,5725923426,5725923426,1767340887224,True,True,2026-01-02 08:01:27.224
3800989184,88896.76,0.00196,5725923427,5725923427,1767340887226,True,True,2026-01-02 08:01:27.226
3800989185,88896.76,0.00636,5725923428,5725923428,1767340887227,True,True,2026-01-02 08:01:27.227
3800989186,88896.76,0.00111,5725923429,5725923429,1767340887227,True,True,2026-01-02 08:01:27.227
3800989187,88896.76,0.00637,5725923430,5725923430,1767340887227,True,True,2026-01-02 08:01:27.227
3800989188,88896.76,0.00636,5725923431,5725923431,1767340887238,True,True,2026-01-02 08:01:27.238
3800989189,88896.76,0.00227,5725923432,5725923432,1767340887241,True,True,2026-01-02 08:01:27.241
3800989190,88896.76,0.00594,5725923433,5725923467,1767340887265,True,True,2026-01-02 08:01:27.265
3800989191,88896.75,0.0009,5725923468,5725923482,1767340887265,True,True,2026-01-02 08:01:27.265
3800989192,88896.26,6e-05,5725923483,5725923483,1767340887265,True,True,2026-01-02 08:01:27.265
3800989193,88895.35,0.00039,5725923484,5725923488,1767340887265,True,True,2026-01-02 08:01:27.265
3800989194,88894.17,0.00018,5725923489,5725923491,1767340887265,True,True,2026-01-02 08:01:27.265
3800989195,88894.16,0.00755,5725923492,5725923498,1767340887265,True,True,2026-01-02 08:01:27.265
3800989196,88893.66,6e-05,5725923499,5725923499,1767340887265,True,True,2026-01-02 08:01:27.265
3800989197,88893.27,7e-05,5725923500,5725923500,1767340887265,True,True,2026-01-02 08:01:27.265
3800989198,88893.11,6e-05,5725923501,5725923501,1767340887265,True,True,2026-01-02 08:01:27.265
3800989199,88893.09,0.00018,5725923502,5725923504,1767340887265,True,True,2026-01-02 08:01:27.265
3800989200,88893.08,0.00731,5725923505,5725923507,1767340887265,True,True,2026-01-02 08:01:27.265
3800989201,88893.07,0.00159,5725923508,5725923508,1767340887265,True,True,2026-01-02 08:01:27.265
3800989202,88892.07,0.00045,5725923509,5725923509,1767340887265,True,True,2026-01-02 08:01:27.265
3800989203,88890.59,0.00018,5725923510,5725923512,1767340887265,True,True,2026-01-02 08:01:27.265
3800989204,88890.58,0.00197,5725923513,5725923538,1767340887708,True,True,2026-01-02 08:01:27.708
3800989205,88890.59,0.0003,5725923539,5725923539,1767340887760,False,True,2026-01-02 08:01:27.760
3800989206,88890.58,0.00356,5725923540,5725923549,1767340888223,True,True,2026-01-02 08:01:28.223
3800989207,88890.59,0.00122,5725923550,5725923550,1767340888550,False,True,2026-01-02 08:01:28.550
3800989208,88890.59,0.0002,5725923551,5725923551,1767340888702,False,True,2026-01-02 08:01:28.702
3800989209,88890.58,0.072,5725923552,5725923553,1767340888738,True,True,2026-01-02 08:01:28.738
3800989210,88890.58,0.02251,5725923554,5725923554,1767340888814,True,True,2026-01-02 08:01:28.814
3800989211,88890.59,0.00023,5725923555,5725923555,1767340888816,False,True,2026-01-02 08:01:28.816
3800989212,88890.58,0.0002,5725923556,5725923556,1767340888868,True,True,2026-01-02 08:01:28.868
3800989213,88890.58,0.02251,5725923557,5725923557,1767340888895,True,True,2026-01-02 08:01:28.895
3800989214,88890.58,0.00023,5725923558,5725923558,1767340889511,True,True,2026-01-02 08:01:29.511
3800989215,88890.58,9e-05,5725923559,5725923559,1767340889758,True,True,2026-01-02 08:01:29.758
3800989216,88890.58,8e-05,5725923560,5725923560,1767340890037,True,True,2026-01-02 08:01:30.037
3800989217,88890.58,0.00023,5725923561,5725923561,1767340891726,True,True,2026-01-02 08:01:31.726
3800989218,88890.58,0.00022,5725923562,5725923562,1767340891858,True,True,2026-01-02 08:01:31.858
3800989219,88890.58,0.00031,5725923563,5725923563,1767340892130,True,True,2026-01-02 08:01:32.130
3800989220,88890.58,0.00045,5725923564,5725923564,1767340892520,True,True,2026-01-02 08:01:32.520
3800989221,88890.58,0.00069,5725923565,5725923565,1767340892591,True,True,2026-01-02 08:01:32.591
3800989222,88890.59,0.01237,5725923566,5725923566,1767340892674,False,True,2026-01-02 08:01:32.674
3800989223,88890.58,0.00011,5725923567,5725923567,1767340893335,True,True,2026-01-02 08:01:33.335
3800989224,88890.59,0.00023,5725923568,5725923568,1767340894263,False,True,2026-01-02 08:01:34.263
3800989225,88890.58,0.0028,5725923569,5725923569,1767340894300,True,True,2026-01-02 08:01:34.300
3800989226,88890.59,9e-05,5725923570,5725923570,1767340894813,False,True,2026-01-02 08:01:34.813
3800989227,88890.58,0.00021,5725923571,5725923571,1767340894908,True,True,2026-01-02 08:01:34.908
3800989228,88890.58,0.00024,5725923572,5725923572,1767340894933,True,True,2026-01-02 08:01:34.933
3800989229,88890.58,0.00023,5725923573,5725923573,1767340895280,True,True,2026-01-02 08:01:35.280
3800989230,88890.58,0.00018,5725923574,5725923574,1767340895636,True,True,2026-01-02 08:01:35.636
3800989231,88890.59,0.00023,5725923575,5725923575,1767340896325,False,True,2026-01-02 08:01:36.325
3800989232,88890.59,0.00118,5725923576,5725923576,1767340897031,False,True,2026-01-02 08:01:37.031
3800989233,88890.58,0.0044,5725923577,5725923577,1767340897241,True,True,2026-01-02 08:01:37.241
3800989234,88890.58,0.00023,5725923578,5725923578,1767340897525,True,True,2026-01-02 08:01:37.525
3800989235,88890.58,0.00017,5725923579,5725923579,1767340897725,True,True,2026-01-02 08:01:37.725
3800989236,88890.59,0.01237,5725923580,5725923580,1767340898229,False,True,2026-01-02 08:01:38.229
3800989237,88890.59,0.00023,5725923581,5725923581,1767340898610,False,True,2026-01-02 08:01:38.610
3800989238,88890.58,0.001,5725923582,5725923582,1767340898885,True,True,2026-01-02 08:01:38.885
3800989239,88890.58,0.00023,5725923583,5725923583,1767340899664,True,True,2026-01-02 08:01:39.664
3800989240,88890.58,9e-05,5725923584,5725923584,1767340899892,True,True,2026-01-02 08:01:39.892
3800989241,88890.58,0.00022,5725923585,5725923585,1767340899986,True,True,2026-01-02 08:01:39.986
3800989242,88890.59,0.00016,5725923586,5725923586,1767340900407,False,True,2026-01-02 08:01:40.407
3800989243,88890.58,0.00025,5725923587,5725923587,1767340901326,True,True,2026-01-02 08:01:41.326
3800989244,88890.59,0.00023,5725923588,5725923588,1767340901350,False,True,2026-01-02 08:01:41.350
3800989245,88890.58,0.00023,5725923589,5725923589,1767340902378,True,True,2026-01-02 08:01:42.378
3800989246,88890.58,0.00058,5725923590,5725923590,1767340902447,True,True,2026-01-02 08:01:42.447
3800989247,88890.59,0.00056,5725923591,5725923591,1767340902602,False,True,2026-01-02 08:01:42.602
3800989248,88890.59,0.00023,5725923592,5725923592,1767340903406,False,True,2026-01-02 08:01:43.406
3800989249,88890.59,0.00547,5725923593,5725923593,1767340903611,False,True,2026-01-02 08:01:43.611
3800989250,88890.59,0.01237,5725923594,5725923594,1767340903779,False,True,2026-01-02 08:01:43.779
3800989251,88890.58,0.00035,5725923595,5725923595,1767340903816,True,True,2026-01-02 08:01:43.816
3800989252,88890.59,0.00036,5725923596,5725923596,1767340903868,False,True,2026-01-02 08:01:43.868
3800989253,88890.58,0.00023,5725923597,5725923598,1767340904399,True,True,2026-01-02 08:01:44.399
3800989254,88890.59,0.00218,5725923599,5725923599,1767340905027,False,True,2026-01-02 08:01:45.027
3800989255,88890.58,0.00686,5725923600,5725923600,1767340905143,True,True,2026-01-02 08:01:45.143
3800989256,88890.58,0.00026,5725923601,5725923601,1767340906182,True,True,2026-01-02 08:01:46.182
3800989257,88890.58,0.00128,5725923602,5725923602,1767340906207,True,True,2026-01-02 08:01:46.207
3800989258,88890.59,0.00032,5725923603,5725923603,1767340906357,False,True,2026-01-02 08:01:46.357
3800989259,88890.58,0.00026,5725923604,5725923604,1767340907357,True,True,2026-01-02 08:01:47.357
3800989260,88890.59,0.00016,5725923605,5725923605,1767340907629,False,True,2026-01-02 08:01:47.629
3800989261,88890.58,7e-05,5725923606,5725923606,1767340908669,True,True,2026-01-02 08:01:48.669
3800989262,88890.58,0.00033,5725923607,5725923607,1767340908720,True,True,2026-01-02 08:01:48.720
3800989263,88890.59,0.01237,5725923608,5725923608,1767340909354,False,True,2026-01-02 08:01:49.354
3800989264,88890.58,0.00483,5725923609,5725923609,1767340909433,True,True,2026-01-02 08:01:49.433
3800989265,88890.59,6e-05,5725923610,5725923610,1767340909925,False,True,2026-01-02 08:01:49.925
3800989266,88890.58,0.00023,5725923611,5725923611,1767340910075,True,True,2026-01-02 08:01:50.075
3800989267,88890.58,6e-05,5725923612,5725923612,1767340911083,True,True,2026-01-02 08:01:51.083
3800989268,88890.58,0.00032,5725923613,5725923613,1767340911093,True,True,2026-01-02 08:01:51.093
3800989269,88890.58,1.0185,5725923614,5725923678,1767340911473,True,True,2026-01-02 08:01:51.473
3800989270,88890.57,0.05077,5725923679,5725923702,1767340911473,True,True,2026-01-02 08:01:51.473
3800989271,88890.56,0.00168,5725923703,5725923706,1767340911473,True,True,2026-01-02 08:01:51.473
3800989272,88890.51,0.00267,5725923707,5725923708,1767340911473,True,True,2026-01-02 08:01:51.473
3800989273,88890.34,7e-05,5725923709,5725923709,1767340911473,True,True,2026-01-02 08:01:51.473
3800989274,88890.3,6e-05,5725923710,5725923710,1767340911473,True,True,2026-01-02 08:01:51.473
3800989275,88890.0,0.00109,5725923711,5725923712,1767340911473,True,True,2026-01-02 08:01:51.473
3800989276,88889.25,0.0021,5725923713,5725923742,1767340911481,True,True,2026-01-02 08:01:51.481
3800989277,88889.24,0.00108,5725923743,5725923760,1767340911481,True,True,2026-01-02 08:01:51.481
3800989278,88888.81,0.00015,5725923761,5725923761,1767340911481,True,True,2026-01-02 08:01:51.481
3800989279,88888.75,6e-05,5725923762,5725923762,1767340911481,True,True,2026-01-02 08:01:51.481
3800989280,88888.72,6e-05,5725923763,5725923763,1767340911481,True,True,2026-01-02 08:01:51.481
3800989281,88888.0,0.00127,5725923764,5725923767,1767340911481,True,True,2026-01-02 08:01:51.481
3800989282,88887.93,0.00327,5725923768,5725923771,1767340911481,True,True,2026-01-02 08:01:51.481
3800989283,88887.81,0.00018,5725923772,5725923774,1767340911481,True,True,2026-01-02 08:01:51.481
3800989284,88887.8,0.02317,5725923775,5725923778,1767340911481,True,True,2026-01-02 08:01:51.481
3800989285,88887.41,7e-05,5725923779,5725923779,1767340911481,True,True,2026-01-02 08:01:51.481
3800989286,88887.08,6e-05,5725923780,5725923780,1767340911481,True,True,2026-01-02 08:01:51.481
3800989287,88886.59,6e-05,5725923781,5725923781,1767340911481,True,True,2026-01-02 08:01:51.481
3800989288,88886.0,0.00109,5725923782,5725923783,1767340911481,True,True,2026-01-02 08:01:51.481
3800989289,88884.48,7e-05,5725923784,5725923784,1767340911481,True,True,2026-01-02 08:01:51.481
3800989290,88884.36,0.00045,5725923785,5725923785,1767340911481,True,True,2026-01-02 08:01:51.481
3800989291,88884.33,6e-05,5725923786,5725923786,1767340911481,True,True,2026-01-02 08:01:51.481
3800989292,88884.04,0.00018,5725923787,5725923789,1767340911481,True,True,2026-01-02 08:01:51.481
3800989293,88884.03,0.02464,5725923790,5725923795,1767340911481,True,True,2026-01-02 08:01:51.481
3800989294,88884.0,0.001,5725923796,5725923796,1767340911481,True,True,2026-01-02 08:01:51.481
3800989295,88883.06,0.00012,5725923797,5725923797,1767340911481,True,True,2026-01-02 08:01:51.481
3800989296,88882.73,7e-05,5725923798,5725923798,1767340911481,True,True,2026-01-02 08:01:51.481
3800989297,88882.11,0.00018,5725923799,5725923801,1767340911481,True,True,2026-01-02 08:01:51.481
3800989298,88882.1,0.00012,5725923802,5725923803,1767340911481,True,True,2026-01-02 08:01:51.481
3800989299,88882.0,0.001,5725923804,5725923804,1767340911481,True,True,2026-01-02 08:01:51.481
3800989300,88881.55,7e-05,5725923805,5725923805,1767340911481,True,True,2026-01-02 08:01:51.481
3800989301,88880.96,6e-05,5725923806,5725923806,1767340911481,True,True,2026-01-02 08:01:51.481
3800989302,88880.64,0.00048,5725923807,5725923807,1767340911481,True,True,2026-01-02 08:01:51.481
3800989303,88880.63,0.00047,5725923808,5725923808,1767340911481,True,True,2026-01-02 08:01:51.481
3800989304,88880.51,0.0024,5725923809,5725923809,1767340911481,True,True,2026-01-02 08:01:51.481
3800989305,88880.36,0.00337,5725923810,5725923810,1767340911481,True,True,2026-01-02 08:01:51.481
3800989306,88880.34,0.00192,5725923811,5725923811,1767340911481,True,True,2026-01-02 08:01:51.481
3800989307,88880.27,0.00012,5725923812,5725923813,1767340911481,True,True,2026-01-02 08:01:51.481
3800989308,88880.19,0.00069,5725923814,5725923814,1767340911481,True,True,2026-01-02 08:01:51.481
3800989309,88880.16,6e-05,5725923815,5725923815,1767340911481,True,True,2026-01-02 08:01:51.481
3800989310,88880.0,0.00106,5725923816,5725923817,1767340911481,True,True,2026-01-02 08:01:51.481
3800989311,88879.94,6e-05,5725923818,5725923818,1767340911481,True,True,2026-01-02 08:01:51.481
3800989312,88879.92,0.0018,5725923819,5725923819,1767340911481,True,True,2026-01-02 08:01:51.481
3800989313,88879.69,0.00047,5725923820,5725923820,1767340911481,True,True,2026-01-02 08:01:51.481
3800989314,88879.15,0.00018,5725923821,5725923823,1767340911481,True,True,2026-01-02 08:01:51.481
3800989315,88879.08,0.00012,5725923824,5725923824,1767340911481,True,True,2026-01-02 08:01:51.481
3800989316,88878.88,0.00073,5725923825,5725923825,1767340911481,True,True,2026-01-02 08:01:51.481
3800989317,88878.88,0.00177,5725923826,5725923826,1767340911481,True,True,2026-01-02 08:01:51.481
3800989318,88878.62,7e-05,5725923827,5725923827,1767340911481,True,True,2026-01-02 08:01:51.481
3800989319,88878.53,0.00337,5725923828,5725923828,1767340911481,True,True,2026-01-02 08:01:51.481
3800989320,88878.29,6e-05,5725923829,5725923829,1767340911481,True,True,2026-01-02 08:01:51.481
3800989321,88878.28,0.00074,5725923830,5725923830,1767340911481,True,True,2026-01-02 08:01:51.481
3800989322,88878.28,7e-05,5725923831,5725923831,1767340911485,True,True,2026-01-02 08:01:51.485
3800989323,88878.28,0.00195,5725923832,5725923832,1767340911489,True,True,2026-01-02 08:01:51.489
3800989324,88878.28,0.00064,5725923833,5725923836,1767340911503,True,True,2026-01-02 08:01:51.503
3800989325,88878.28,0.00518,5725923837,5725923837,1767340911505,True,True,2026-01-02 08:01:51.505
3800989326,88878.28,0.00463,5725923838,5725923838,1767340911573,True,True,2026-01-02 08:01:51.573
3800989327,88878.29,0.00056,5725923839,5725923839,1767340911870,False,True,2026-01-02 08:01:51.870
3800989328,88878.29,0.00033,5725923840,5725923840,1767340911886,False,True,2026-01-02 08:01:51.886
3800989329,88878.29,0.00077,5725923841,5725923841,1767340912144,False,True,2026-01-02 08:01:52.144
3800989330,88878.29,0.00066,5725923842,5725923842,1767340912413,False,True,2026-01-02 08:01:52.413
3800989331,88878.29,0.00035,5725923843,5725923843,1767340912680,False,True,2026-01-02 08:01:52.680
3800989332,88878.29,0.00023,5725923844,5725923844,1767340912706,False,True,2026-01-02 08:01:52.706
3800989333,88878.29,0.02274,5725923845,5725923845,1767340912959,False,True,2026-01-02 08:01:52.959
3800989334,88878.28,0.00107,5725923846,5725923846,1767340912961,True,True,2026-01-02 08:01:52.961
3800989335,88878.29,0.00306,5725923847,5725923847,1767340913225,False,True,2026-01-02 08:01:53.225
3800989336,88878.28,0.00023,5725923848,5725923848,1767340913824,True,True,2026-01-02 08:01:53.824
3800989337,88878.29,0.00023,5725923849,5725923849,1767340914732,False,True,2026-01-02 08:01:54.732
3800989338,88878.29,0.66992,5725923850,5725923852,1767340914893,False,True,2026-01-02 08:01:54.893
3800989339,88878.29,0.01237,5725923853,5725923853,1767340914897,False,True,2026-01-02 08:01:54.897
3800989340,88878.28,0.00023,5725923854,5725923854,1767340915685,True,True,2026-01-02 08:01:55.685
3800989341,88878.29,0.00032,5725923855,5725923855,1767340916198,False,True,2026-01-02 08:01:56.198
3800989342,88878.29,0.00023,5725923856,5725923856,1767340916631,False,True,2026-01-02 08:01:56.631
3800989343,88878.29,0.00947,5725923857,5725923857,1767340918843,False,True,2026-01-02 08:01:58.843
3800989344,88878.28,0.00023,5725923858,5725923858,1767340919179,True,True,2026-01-02 08:01:59.179
3800989345,88878.29,0.00088,5725923859,5725923859,1767340920100,False,True,2026-01-02 08:02:00.100
3800989346,88878.29,0.00023,5725923860,5725923860,1767340920198,False,True,2026-01-02 08:02:00.198
3800989347,88878.28,0.00064,5725923861,5725923861,1767340920772,True,True,2026-01-02 08:02:00.772
3800989348,88878.28,0.05678,5725923862,5725923862,1767340920982,True,True,2026-01-02 08:02:00.982
3800989349,88878.28,0.00032,5725923863,5725923863,1767340921030,True,True,2026-01-02 08:02:01.030
3800989350,88878.28,0.00022,5725923864,5725923864,1767340921190,True,True,2026-01-02 08:02:01.190
3800989351,88878.28,0.00095,5725923865,5725923865,1767340921251,True,True,2026-01-02 08:02:01.251
3800989352,88878.28,0.001,5725923866,5725923866,1767340921700,True,True,2026-01-02 08:02:01.700
3800989353,88878.28,0.00777,5725923867,5725923867,1767340921749,True,True,2026-01-02 08:02:01.749
3800989354,88878.28,0.00516,5725923868,5725923887,1767340921932,True,True,2026-01-02 08:02:01.932
3800989355,88878.29,0.00022,5725923888,5725923888,1767340922185,False,True,2026-01-02 08:02:02.185
3800989356,88878.28,0.0017,5725923889,5725923889,1767340922452,True,True,2026-01-02 08:02:02.452
3800989357,88878.28,0.00022,5725923890,5725923890,1767340923149,True,True,2026-01-02 08:02:03.149
3800989358,88878.28,0.03678,5725923891,5725923892,1767340924068,True,True,2026-01-02 08:02:04.068
3800989359,88878.29,0.00022,5725923893,5725923893,1767340924839,False,True,2026-01-02 08:02:04.839
3800989360,88878.28,0.7,5725923894,5725923931,1767340924972,True,True,2026-01-02 08:02:04.972
3800989361,88878.28,0.00023,5725923932,5725923932,1767340925006,True,True,2026-01-02 08:02:05.006
3800989362,88878.28,0.00631,5725923933,5725923933,1767340925018,True,True,2026-01-02 08:02:05.018
3800989363,88878.28,0.00546,5725923934,5725923934,1767340925030,True,True,2026-01-02 08:02:05.030
3800989364,88878.29,0.00344,5725923935,5725923935,1767340925469,False,True,2026-01-02 08:02:05.469
3800989365,88878.28,0.00034,5725923936,5725923940,1767340925869,True,True,2026-01-02 08:02:05.869
3800989366,88878.28,0.00022,5725923941,5725923943,1767340926001,True,True,2026-01-02 08:02:06.001
3800989367,88878.29,0.00032,5725923944,5725923944,1767340926114,False,True,2026-01-02 08:02:06.114
3800989368,88878.28,0.00029,5725923945,5725923948,1767340926481,True,True,2026-01-02 08:02:06.481
3800989369,88878.29,8e-05,5725923949,5725923949,1767340927619,False,True,2026-01-02 08:02:07.619
3800989370,88878.29,0.0001,5725923950,5725923950,1767340928335,False,True,2026-01-02 08:02:08.335
3800989371,88878.29,0.01304,5725923951,5725923951,1767340928568,False,True,2026-01-02 08:02:08.568
3800989372,88878.29,0.00011,5725923952,5725923952,1767340929307,False,True,2026-01-02 08:02:09.307
3800989373,88878.28,0.00061,5725923953,5725923955,1767340929683,True,True,2026-01-02 08:02:09.683
3800989374,88878.29,0.0002,5725923956,5725923956,1767340929697,False,True,2026-01-02 08:02:09.697
3800989375,88878.29,0.00012,5725923957,5725923957,1767340930409,False,True,2026-01-02 08:02:10.409
3800989376,88878.28,0.00032,5725923958,5725923958,1767340931109,True,True,2026-01-02 08:02:11.109
3800989377,88878.29,0.00259,5725923959,5725923959,1767340931593,False,True,2026-01-02 08:02:11.593
3800989378,88878.28,0.00011,5725923960,5725923960,1767340932282,True,True,2026-01-02 08:02:12.282
3800989379,88878.29,0.00022,5725923961,5725923961,1767340932325,False,True,2026-01-02 08:02:12.325
3800989380,88878.29,0.00014,5725923962,5725923962,1767340932758,False,True,2026-01-02 08:02:12.758
3800989381,88878.29,0.00209,5725923963,5725923963,1767340932988,False,True,2026-01-02 08:02:12.988
3800989382,88878.28,0.00022,5725923964,5725923964,1767340933359,True,True,2026-01-02 08:02:13.359
3800989383,88878.28,0.00228,5725923965,5725923965,1767340934266,True,True,2026-01-02 08:02:14.266
3800989384,88878.28,0.00028,5725923966,5725923966,1767340934361,True,True,2026-01-02 08:02:14.361
3800989385,88878.29,0.00022,5725923967,5725923967,1767340934371,False,True,2026-01-02 08:02:14.371
3800989386,88878.28,0.00022,5725923968,5725923968,1767340935274,True,True,2026-01-02 08:02:15.274
3800989387,88878.28,0.00059,5725923969,5725923969,1767340935387,True,True,2026-01-02 08:02:15.387
3800989388,88878.28,0.0018,5725923970,5725923970,1767340935614,True,True,2026-01-02 08:02:15.614
3800989389,88878.28,0.00056,5725923971,5725923971,1767340935830,True,True,2026-01-02 08:02:15.830
3800989390,88878.29,0.00032,5725923972,5725923972,1767340935834,False,True,2026-01-02 08:02:15.834
3800989391,88878.29,0.00022,5725923973,5725923973,1767340936225,False,True,2026-01-02 08:02:16.225
3800989392,88878.28,0.00042,5725923974,5725923974,1767340937027,True,True,2026-01-02 08:02:17.027
3800989393,88878.28,0.00022,5725923975,5725923975,1767340937142,True,True,2026-01-02 08:02:17.142
3800989394,88878.29,0.01103,5725923976,5725923976,1767340937370,False,True,2026-01-02 08:02:17.370
3800989395,88878.29,0.00021,5725923977,5725923977,1767340937828,False,True,2026-01-02 08:02:17.828
3800989396,88878.28,0.00351,5725923978,5725923978,1767340937876,True,True,2026-01-02 08:02:17.876
3800989397,88878.28,0.00023,5725923979,5725923979,1767340937876,True,True,2026-01-02 08:02:17.876
3800989398,88878.29,0.00022,5725923980,5725923980,1767340938061,False,True,2026-01-02 08:02:18.061
3800989399,88878.28,0.00065,5725923981,5725923981,1767340938571,True,True,2026-01-02 08:02:18.571
3800989400,88878.28,0.00022,5725923982,5725923982,1767340939186,True,True,2026-01-02 08:02:19.186
3800989401,88878.28,0.00032,5725923983,5725923983,1767340940633,True,True,2026-01-02 08:02:20.633
3800989402,88878.29,0.00022,5725923984,5725923984,1767340940823,False,True,2026-01-02 08:02:20.823
3800989403,88878.28,0.00022,5725923985,5725923985,1767340941617,True,True,2026-01-02 08:02:21.617
3800989404,88878.29,0.00017,5725923986,5725923986,1767340942167,False,True,2026-01-02 08:02:22.167
3800989405,88878.29,0.00012,5725923987,5725923987,1767340942387,False,True,2026-01-02 08:02:22.387
3800989406,88878.29,0.00022,5725923988,5725923988,1767340942475,False,True,2026-01-02 08:02:22.475
3800989407,88878.29,0.03387,5725923989,5725923989,1767340942538,False,True,2026-01-02 08:02:22.538
3800989408,88878.28,0.004,5725923990,5725923990,1767340942638,True,True,2026-01-02 08:02:22.638
3800989409,88878.29,0.00057,5725923991,5725923991,1767340942645,False,True,2026-01-02 08:02:22.645
3800989410,88878.29,9e-05,5725923992,5725923992,1767340942704,False,True,2026-01-02 08:02:22.704
3800989411,88878.29,0.00013,5725923993,5725923993,1767340942711,False,True,2026-01-02 08:02:22.711
3800989412,88878.28,0.00022,5725923994,5725923994,1767340943379,True,True,2026-01-02 08:02:23.379
3800989413,88878.29,0.00023,5725923995,5725923995,1767340943577,False,True,2026-01-02 08:02:23.577
3800989414,88878.29,0.00012,5725923996,5725923996,1767340944137,False,True,2026-01-02 08:02:24.137
3800989415,88878.29,0.00022,5725923997,5725923997,1767340944304,False,True,2026-01-02 08:02:24.304
3800989416,88878.28,0.00022,5725923998,5725923998,1767340945123,True,True,2026-01-02 08:02:25.123
3800989417,88878.29,0.00032,5725923999,5725923999,1767340945445,False,True,2026-01-02 08:02:25.445
3800989418,88878.28,0.00589,5725924000,5725924000,1767340946703,True,True,2026-01-02 08:02:26.703
3800989419,88878.29,0.00025,5725924001,5725924001,1767340947679,False,True,2026-01-02 08:02:27.679
3800989420,88878.29,0.00021,5725924002,5725924002,1767340947901,False,True,2026-01-02 08:02:27.901
3800989421,88878.28,0.00021,5725924003,5725924003,1767340948701,True,True,2026-01-02 08:02:28.701
3800989422,88878.28,9e-05,5725924004,5725924004,1767340949440,True,True,2026-01-02 08:02:29.440
3800989423,88878.29,0.00021,5725924005,5725924005,1767340949547,False,True,2026-01-02 08:02:29.547
3800989424,88878.29,0.00086,5725924006,5725924006,1767340950036,False,True,2026-01-02 08:02:30.036
3800989425,88878.29,0.00086,5725924007,5725924007,1767340950037,False,True,2026-01-02 08:02:30.037
3800989426,88878.29,0.00086,5725924008,5725924008,1767340950038,False,True,2026-01-02 08:02:30.038
3800989427,88878.28,0.00032,5725924009,5725924009,1767340950131,True,True,2026-01-02 08:02:30.131
3800989428,88878.28,0.00021,5725924010,5725924010,1767340950406,True,True,2026-01-02 08:02:30.406
3800989429,88878.28,0.0079,5725924011,5725924011,1767340950870,True,True,2026-01-02 08:02:30.870
3800989430,88878.29,0.0001,5725924012,5725924012,1767340951127,False,True,2026-01-02 08:02:31.127
3800989431,88878.28,0.34965,5725924013,5725924025,1767340951307,True,True,2026-01-02 08:02:31.307
3800989432,88878.29,0.00021,5725924026,5725924026,1767340951341,False,True,2026-01-02 08:02:31.341
3800989433,88878.28,0.00013,5725924027,5725924028,1767340951400,True,True,2026-01-02 08:02:31.400
3800989434,88878.28,0.00021,5725924029,5725924031,1767340952220,True,True,2026-01-02 08:02:32.220
3800989435,88878.29,0.00021,5725924032,5725924032,1767340953120,False,True,2026-01-02 08:02:33.120
3800989436,88878.28,0.00541,5725924033,5725924050,1767340953337,True,True,2026-01-02 08:02:33.337
3800989437,88878.29,0.00142,5725924051,5725924051,1767340953414,False,True,2026-01-02 08:02:33.414
3800989438,88878.29,0.03011,5725924052,5725924052,1767340953429,False,True,2026-01-02 08:02:33.429
3800989439,88878.28,0.00021,5725924053,5725924053,1767340953962,True,True,2026-01-02 08:02:33.962
3800989440,88878.28,0.0001,5725924054,5725924054,1767340954063,True,True,2026-01-02 08:02:34.063
3800989441,88878.29,0.00021,5725924055,5725924055,1767340954784,False,True,2026-01-02 08:02:34.784
3800989442,88878.28,0.00292,5725924056,5725924081,1767340954866,True,True,2026-01-02 08:02:34.866
3800989443,88878.27,0.00241,5725924082,5725924098,1767340954866,True,True,2026-01-02 08:02:34.866
3800989444,88878.27,0.00056,5725924099,5725924108,1767340954928,True,True,2026-01-02 08:02:34.928
3800989445,88878.27,0.08117,5725924109,5725924129,1767340954984,True,True,2026-01-02 08:02:34.984
3800989446,88878.26,0.00129,5725924130,5725924149,1767340954984,True,True,2026-01-02 08:02:34.984
3800989447,88878.19,6e-05,5725924150,5725924150,1767340954984,True,True,2026-01-02 08:02:34.984
3800989448,88878.0,0.00127,5725924151,5725924154,1767340954984,True,True,2026-01-02 08:02:34.984
3800989449,88877.8,0.00309,5725924155,5725924156,1767340954984,True,True,2026-01-02 08:02:34.984
3800989450,88877.78,6e-05,5725924157,5725924157,1767340954984,True,True,2026-01-02 08:02:34.984
3800989451,88877.12,0.00018,5725924158,5725924160,1767340954984,True,True,2026-01-02 08:02:34.984
3800989452,88877.11,0.17988,5725924161,5725924161,1767340954984,True,True,2026-01-02 08:02:34.984
3800989453,88877.11,0.06832,5725924162,5725924165,1767340954984,True,True,2026-01-02 08:02:34.984
3800989454,88876.0,0.001,5725924166,5725924166,1767340954986,True,True,2026-01-02 08:02:34.986
3800989455,88875.69,7e-05,5725924167,5725924167,1767340954986,True,True,2026-01-02 08:02:34.986
3800989456,88875.55,6e-05,5725924168,5725924168,1767340954986,True,True,2026-01-02 08:02:34.986
3800989457,88874.0,0.001,5725924169,5725924169,1767340954986,True,True,2026-01-02 08:02:34.986
3800989458,88873.76,6e-05,5725924170,5725924170,1767340954986,True,True,2026-01-02 08:02:34.986
3800989459,88872.76,7e-05,5725924171,5725924171,1767340954986,True,True,2026-01-02 08:02:34.986
3800989460,88872.0,0.00139,5725924172,5725924177,1767340954987,True,True,2026-01-02 08:02:34.987
3800989461,88871.71,6e-05,5725924178,5725924178,1767340954987,True,True,2026-01-02 08:02:34.987
3800989462,88871.16,6e-05,5725924179,5725924179,1767340954987,True,True,2026-01-02 08:02:34.987
3800989463,88871.13,0.00012,5725924180,5725924180,1767340954987,True,True,2026-01-02 08:02:34.987
3800989464,88870.92,0.00018,5725924181,5725924183,1767340954987,True,True,2026-01-02 08:02:34.987
3800989465,88870.91,0.03338,5725924184,5725924186,1767340954987,True,True,2026-01-02 08:02:34.987
3800989466,88870.28,6e-05,5725924187,5725924187,1767340954987,True,True,2026-01-02 08:02:34.987
3800989467,88870.0,0.0018,5725924188,5725924189,1767340954988,True,True,2026-01-02 08:02:34.988
3800989468,88869.95,0.00218,5725924190,5725924193,1767340954988,True,True,2026-01-02 08:02:34.988
3800989469,88869.94,0.82806,5725924194,5725924196,1767340954988,True,True,2026-01-02 08:02:34.988
3800989470,88869.94,0.22406,5725924197,5725924203,1767340954989,True,True,2026-01-02 08:02:34.989
3800989471,88869.94,9e-05,5725924204,5725924204,1767340954990,True,True,2026-01-02 08:02:34.990
3800989472,88869.83,7e-05,5725924205,5725924205,1767340954990,True,True,2026-01-02 08:02:34.990
3800989473,88869.31,6e-05,5725924206,5725924206,1767340954990,True,True,2026-01-02 08:02:34.990
3800989474,88869.93,0.00018,5725924207,5725924209,1767340954991,True,True,2026-01-02 08:02:34.991
3800989475,88869.92,9e-05,5725924210,5725924210,1767340954991,True,True,2026-01-02 08:02:34.991
3800989476,88868.0,0.0018,5725924211,5725924212,1767340954991,True,True,2026-01-02 08:02:34.991
3800989477,88867.63,0.00012,5725924213,5725924214,1767340954991,True,True,2026-01-02 08:02:34.991
3800989478,88867.27,0.00113,5725924215,5725924215,1767340954991,True,True,2026-01-02 08:02:34.991
3800989479,88867.18,7e-05,5725924216,5725924216,1767340954991,True,True,2026-01-02 08:02:34.991
3800989480,88866.9,7e-05,5725924217,5725924217,1767340954991,True,True,2026-01-02 08:02:34.991
3800989481,88866.77,6e-05,5725924218,5725924218,1767340954991,True,True,2026-01-02 08:02:34.991
3800989482,88866.0,0.0018,5725924219,5725924220,1767340954991,True,True,2026-01-02 08:02:34.991
3800989483,88865.84,0.00056,5725924221,5725924221,1767340954991,True,True,2026-01-02 08:02:34.991
3800989484,88865.69,0.003,5725924222,5725924222,1767340954991,True,True,2026-01-02 08:02:34.991
3800989485,88865.27,0.00012,5725924223,5725924223,1767340954991,True,True,2026-01-02 08:02:34.991
3800989486,88864.59,6e-05,5725924224,5725924224,1767340954991,True,True,2026-01-02 08:02:34.991
3800989487,88864.56,0.00012,5725924225,5725924226,1767340954991,True,True,2026-01-02 08:02:34.991
3800989488,88864.16,0.00069,5725924227,5725924227,1767340954991,True,True,2026-01-02 08:02:34.991
