trade_id,price,quantity,first_trade_id,last_trade_id,timestamp_utc,is_maker,best_match
3800397495,87648.21,0.08185,5723703861,5723703861,1767225600039,True,True
3800397496,87648.22,0.00013,5723703862,5723703862,1767225600272,False,True
3800397497,87648.22,0.00023,5723703863,5723703863,1767225600276,False,True
3800397498,87648.22,0.01032,5723703864,5723703864,1767225600396,False,True
3800397499,87648.22,0.00206,5723703865,5723703865,1767225600401,False,True
3800397500,87648.22,0.00456,5723703866,5723703866,1767225600548,False,True
3800397501,87648.22,0.00057,5723703867,5723703867,1767225600676,False,True
3800397502,87648.21,0.00049,5723703868,5723703868,1767225601216,True,True
3800397503,87648.22,0.00091,5723703869,5723703869,1767225601294,False,True
3800397504,87648.22,0.004,5723703870,5723703871,1767225601894,False,True
3800397505,87648.22,0.03962,5723703872,5723703872,1767225601983,False,True
3800397506,87648.22,0.00011,5723703873,5723703873,1767225601992,False,True
3800397507,87648.22,0.0033,5723703874,5723703874,1767225602356,False,True
3800397508,87648.22,0.00455,5723703875,5723703875,1767225603159,False,True
3800397509,87648.21,0.00091,5723703876,5723703876,1767225603312,True,True
3800397510,87648.22,0.00017,5723703877,5723703877,1767225603430,False,True
3800397511,87648.22,0.00228,5723703878,5723703878,1767225603669,False,True
3800397512,87648.21,0.0149,5723703879,5723703880,1767225604343,True,True
3800397513,87648.22,0.0434,5723703881,5723703887,1767225605127,False,True
3800397514,87648.21,0.0018,5723703888,5723703888,1767225605232,True,True
3800397515,87648.21,0.00115,5723703889,5723703889,1767225605316,True,True
3800397516,87648.22,0.09973,5723703890,5723703895,1767225605325,False,True
3800397517,87648.22,0.03541,5723703896,5723703903,1767225605412,False,True
3800397518,87648.22,0.08548,5723703904,5723703907,1767225605494,False,True
3800397519,87648.22,0.02669,5723703908,5723703913,1767225605511,False,True
3800397520,87648.22,0.00709,5723703914,5723703914,1767225605560,False,True
3800397521,87648.22,0.05056,5723703915,5723703915,1767225605645,False,True
3800397522,87648.22,0.00028,5723703916,5723703916,1767225605663,False,True
3800397523,87648.22,0.0199,5723703917,5723703918,1767225605762,False,True
3800397524,87648.22,0.00011,5723703919,5723703919,1767225605771,False,True
3800397525,87648.21,0.00528,5723703920,5723703920,1767225605857,True,True
3800397526,87648.22,0.00036,5723703921,5723703921,1767225605923,False,True
3800397527,87648.21,0.06514,5723703922,5723703922,1767225605933,True,True
3800397528,87648.22,0.09973,5723703923,5723703923,1767225605940,False,True
3800397529,87648.21,0.07004,5723703924,5723703924,1767225606087,True,True
3800397530,87648.21,0.02339,5723703925,5723703925,1767225606228,True,True
3800397531,87648.22,0.0002,5723703926,5723703926,1767225606231,False,True
3800397532,87648.21,0.06664,5723703927,5723703927,1767225606350,True,True
3800397533,87648.22,0.00651,5723703928,5723703928,1767225606680,False,True
3800397534,87648.21,0.00618,5723703929,5723703929,1767225607000,True,True
3800397535,87648.22,0.02879,5723703930,5723703930,1767225608257,False,True
3800397536,87648.21,0.02879,5723703931,5723703931,1767225608464,True,True
3800397537,87648.22,0.00064,5723703932,5723703932,1767225608750,False,True
3800397538,87648.22,0.02668,5723703933,5723703933,1767225608773,False,True
3800397539,87648.22,0.00057,5723703934,5723703934,1767225609072,False,True
3800397540,87648.21,0.0014,5723703935,5723703935,1767225609356,True,True
3800397541,87648.22,0.00114,5723703936,5723703936,1767225609383,False,True
3800397542,87648.22,0.00091,5723703937,5723703937,1767225609993,False,True
3800397543,87648.22,0.00046,5723703938,5723703938,1767225610629,False,True
3800397544,87648.22,0.00046,5723703939,5723703942,1767225610629,False,True
3800397545,87648.22,0.0038,5723703943,5723703943,1767225611273,False,True
3800397546,87648.22,0.0001,5723703944,5723703944,1767225611446,False,True
3800397547,87648.22,0.0003,5723703945,5723703945,1767225612436,False,True
3800397548,87648.21,0.0808,5723703946,5723703947,1767225612687,True,True
3800397549,87648.21,0.036,5723703948,5723703948,1767225613529,True,True
3800397550,87648.22,0.00031,5723703949,5723703949,1767225613796,False,True
3800397551,87648.21,0.01613,5723703950,5723703960,1767225614364,True,True
3800397552,87648.21,0.13921,5723703961,5723704006,1767225614415,True,True
3800397553,87648.2,0.00421,5723704007,5723704010,1767225614415,True,True
3800397554,87648.13,0.00018,5723704011,5723704013,1767225614415,True,True
3800397555,87648.12,0.0018,5723704014,5723704014,1767225614415,True,True
3800397556,87648.12,0.04362,5723704015,5723704018,1767225614415,True,True
3800397557,87648.12,0.0057,5723704019,5723704019,1767225614426,True,True
3800397558,87648.12,0.0011,5723704020,5723704033,1767225614444,True,True
3800397559,87648.12,4e-05,5723704034,5723704034,1767225614445,True,True
3800397560,87648.11,6e-05,5723704035,5723704035,1767225614445,True,True
3800397561,87648.11,0.00012,5723704036,5723704037,1767225614445,True,True
3800397562,87647.71,6e-05,5723704038,5723704038,1767225614445,True,True
3800397563,87646.93,0.00018,5723704039,5723704041,1767225614445,True,True
3800397564,87646.92,0.05462,5723704042,5723704042,1767225614445,True,True
3800397565,87646.92,0.0016,5723704043,5723704043,1767225614446,True,True
3800397566,87646.92,0.001,5723704044,5723704044,1767225614448,True,True
3800397567,87646.92,0.009,5723704045,5723704058,1767225614459,True,True
3800397568,87646.93,0.00015,5723704059,5723704059,1767225614666,False,True
3800397569,87646.92,0.00108,5723704060,5723704071,1767225614669,True,True
3800397570,87646.92,0.0002,5723704072,5723704072,1767225614673,False,True
3800397571,87646.91,0.00114,5723704073,5723704086,1767225614673,True,True
3800397572,87646.9,0.00012,5723704087,5723704088,1767225614673,True,True
3800397573,87646.51,0.00162,5723704089,5723704089,1767225614673,True,True
3800397574,87646.42,6e-05,5723704090,5723704090,1767225614673,True,True
3800397575,87646.35,6e-05,5723704091,5723704091,1767225614673,True,True
3800397576,87646.17,6e-05,5723704092,5723704092,1767225614673,True,True
3800397577,87646.1,0.00018,5723704093,5723704095,1767225614673,True,True
3800397578,87646.09,0.05753,5723704096,5723704096,1767225614833,True,True
3800397579,87646.1,0.0004,5723704097,5723704097,1767225615014,False,True
3800397580,87646.09,0.00113,5723704098,5723704111,1767225615014,True,True
3800397581,87646.1,0.00024,5723704112,5723704112,1767225615015,False,True
3800397582,87646.09,0.00082,5723704113,5723704122,1767225615016,True,True
3800397583,87646.08,0.00018,5723704123,5723704125,1767225615016,True,True
3800397584,87645.88,0.00486,5723704126,5723704126,1767225615023,True,True
3800397585,87645.88,0.02216,5723704127,5723704141,1767225615024,True,True
3800397586,87645.87,0.00018,5723704142,5723704144,1767225615024,True,True
3800397587,87645.29,6e-05,5723704145,5723704145,1767225615024,True,True
3800397588,87644.71,6e-05,5723704146,5723704146,1767225615024,True,True
3800397589,87644.5,0.00018,5723704147,5723704149,1767225615024,True,True
3800397590,87644.49,0.00039,5723704150,5723704154,1767225615024,True,True
3800397591,87644.31,0.00018,5723704155,5723704157,1767225615026,True,True
3800397592,87644.3,0.0076,5723704158,5723704158,1767225615026,True,True
3800397593,87644.3,0.00884,5723704159,5723704159,1767225615027,True,True
3800397594,87644.3,0.01579,5723704160,5723704165,1767225615027,True,True
3800397595,87644.14,0.04984,5723704166,5723704171,1767225615027,True,True
3800397596,87643.61,0.00456,5723704172,5723704172,1767225615027,True,True
3800397597,87643.61,0.00718,5723704173,5723704177,1767225615027,True,True
3800397598,87643.54,6e-05,5723704178,5723704178,1767225615027,True,True
3800397599,87643.0,0.00079,5723704179,5723704180,1767225615027,True,True
3800397600,87642.93,0.00022,5723704181,5723704181,1767225615027,True,True
3800397601,87642.92,0.00554,5723704182,5723704188,1767225615027,True,True
3800397602,87642.16,7e-05,5723704189,5723704189,1767225615027,True,True
3800397603,87642.08,0.0002,5723704190,5723704190,1767225615027,True,True
3800397604,87642.08,0.00083,5723704191,5723704197,1767225615031,True,True
3800397605,87641.96,6e-05,5723704198,5723704198,1767225615031,True,True
3800397606,87641.21,6e-05,5723704199,5723704199,1767225615031,True,True
3800397607,87641.15,0.00031,5723704200,5723704203,1767225615031,True,True
3800397608,87641.14,0.00304,5723704204,5723704205,1767225615032,True,True
3800397609,87641.14,0.00684,5723704206,5723704206,1767225615032,True,True
3800397610,87641.14,0.00684,5723704207,5723704208,1767225615032,True,True
3800397611,87641.14,0.01369,5723704209,5723704211,1767225615033,True,True
3800397612,87641.14,0.00324,5723704212,5723704228,1767225615033,True,True
3800397613,87641.13,0.0103,5723704229,5723704229,1767225615033,True,True
3800397614,87641.13,0.004,5723704230,5723704230,1767225615033,True,True
3800397615,87641.13,0.03848,5723704231,5723704231,1767225615034,True,True
3800397616,87641.13,0.00456,5723704232,5723704232,1767225615042,True,True
3800397617,87641.13,0.00665,5723704233,5723704233,1767225615047,True,True
3800397618,87641.13,0.00641,5723704234,5723704234,1767225615047,True,True
3800397619,87641.13,0.00623,5723704235,5723704235,1767225615047,True,True
3800397620,87641.13,0.00684,5723704236,5723704236,1767225615048,True,True
3800397621,87641.13,0.01087,5723704237,5723704237,1767225615048,True,True
3800397622,87641.13,0.01369,5723704238,5723704254,1767225615048,True,True
3800397623,87641.13,0.00895,5723704255,5723704255,1767225615048,True,True
3800397624,87641.13,0.00473,5723704256,5723704256,1767225615051,True,True
3800397625,87641.13,0.00517,5723704257,5723704257,1767225615055,True,True
3800397626,87641.13,0.00456,5723704258,5723704258,1767225615057,True,True
3800397627,87641.13,0.01711,5723704259,5723704260,1767225615057,True,True
3800397628,87641.13,0.01369,5723704261,5723704261,1767225615057,True,True
3800397629,87641.13,0.00295,5723704262,5723704273,1767225615059,True,True
3800397630,87641.12,0.00039,5723704274,5723704278,1767225615059,True,True
3800397631,87641.11,0.00027,5723704279,5723704281,1767225615059,True,True
3800397632,87641.1,9e-05,5723704282,5723704282,1767225615059,True,True
3800397633,87641.09,9e-05,5723704283,5723704283,1767225615059,True,True
3800397634,87641.01,0.00018,5723704284,5723704286,1767225615059,True,True
3800397635,87641.0,0.00096,5723704287,5723704297,1767225615062,True,True
3800397636,87640.99,0.00039,5723704298,5723704302,1767225615062,True,True
3800397637,87640.98,0.00027,5723704303,5723704305,1767225615062,True,True
3800397638,87640.97,9e-05,5723704306,5723704306,1767225615062,True,True
3800397639,87640.96,9e-05,5723704307,5723704307,1767225615062,True,True
3800397640,87640.71,6e-05,5723704308,5723704308,1767225615062,True,True
3800397641,87640.01,0.00018,5723704309,5723704311,1767225615062,True,True
3800397642,87640.0,0.00296,5723704312,5723704313,1767225615062,True,True
3800397643,87640.01,6e-05,5723704314,5723704314,1767225615062,False,True
3800397644,87640.0,0.01369,5723704315,5723704315,1767225615069,True,True
3800397645,87640.0,0.00684,5723704316,5723704317,1767225615070,True,True
3800397646,87640.0,0.00239,5723704318,5723704334,1767225615070,True,True
3800397647,87639.99,0.00045,5723704335,5723704340,1767225615070,True,True
3800397648,87639.98,0.00027,5723704341,5723704343,1767225615070,True,True
3800397649,87639.97,9e-05,5723704344,5723704344,1767225615070,True,True
3800397650,87639.96,9e-05,5723704345,5723704345,1767225615070,True,True
3800397651,87639.68,0.0003,5723704346,5723704350,1767225615070,True,True
3800397652,87639.67,0.00325,5723704351,5723704351,1767225615070,True,True
3800397653,87639.67,0.00587,5723704352,5723704352,1767225615070,True,True
3800397654,87639.67,0.07282,5723704353,5723704353,1767225615076,True,True
3800397655,87639.67,0.0192,5723704354,5723704368,1767225615076,True,True
3800397656,87639.66,0.00213,5723704369,5723704378,1767225615076,True,True
3800397657,87639.65,0.01008,5723704379,5723704384,1767225615076,True,True
3800397658,87639.64,9e-05,5723704385,5723704385,1767225615076,True,True
3800397659,87639.63,9e-05,5723704386,5723704386,1767225615076,True,True
3800397660,87639.6,0.00018,5723704387,5723704389,1767225615076,True,True
3800397661,87639.59,0.05018,5723704390,5723704390,1767225615076,True,True
3800397662,87639.23,7e-05,5723704391,5723704391,1767225615076,True,True
3800397663,87638.92,6e-05,5723704392,5723704392,1767225615076,True,True
3800397664,87638.0,0.0018,5723704393,5723704394,1767225615077,True,True
3800397665,87637.7,0.00183,5723704395,5723704395,1767225615077,True,True
3800397666,87637.57,6e-05,5723704396,5723704396,1767225615077,True,True
3800397667,87637.21,6e-05,5723704397,5723704397,1767225615077,True,True
3800397668,87637.0,0.0025,5723704398,5723704398,1767225615077,True,True
3800397669,87636.96,0.00352,5723704399,5723704400,1767225615077,True,True
3800397670,87636.78,0.002,5723704401,5723704401,1767225615078,True,True
3800397671,87636.78,0.001,5723704402,5723704402,1767225615078,True,True
3800397672,87636.3,7e-05,5723704403,5723704403,1767225615078,True,True
3800397673,87636.0,0.0018,5723704404,5723704405,1767225615078,True,True
3800397674,87635.94,0.00057,5723704406,5723704406,1767225615078,True,True
3800397675,87634.92,6e-05,5723704407,5723704407,1767225615078,True,True
3800397676,87634.8,0.0025,5723704408,5723704408,1767225615078,True,True
3800397677,87634.0,0.0018,5723704409,5723704410,1767225615078,True,True
3800397678,87633.71,6e-05,5723704411,5723704411,1767225615078,True,True
3800397679,87633.7,0.0259,5723704412,5723704412,1767225615078,True,True
3800397680,87633.65,9e-05,5723704413,5723704413,1767225615079,True,True
3800397681,87633.37,7e-05,5723704414,5723704414,1767225615079,True,True
3800397682,87633.18,6e-05,5723704415,5723704415,1767225615079,True,True
3800397683,87633.0,0.00011,5723704416,5723704416,1767225615079,True,True
3800397684,87632.75,0.00149,5723704417,5723704417,1767225615079,True,True
3800397685,87632.75,0.02873,5723704418,5723704418,1767225615079,True,True
3800397686,87632.75,0.00582,5723704419,5723704419,1767225615079,True,True
3800397687,87632.74,0.01678,5723704420,5723704420,1767225615082,True,True
3800397688,87632.74,0.00456,5723704421,5723704421,1767225615082,True,True
3800397689,87632.74,0.01369,5723704422,5723704422,1767225615082,True,True
3800397690,87632.74,0.00684,5723704423,5723704423,1767225615082,True,True
3800397691,87632.74,0.00684,5723704424,5723704424,1767225615083,True,True
3800397692,87632.74,0.01369,5723704425,5723704425,1767225615083,True,True
3800397693,87632.74,0.00265,5723704426,5723704426,1767225615085,True,True
3800397694,87632.74,0.02282,5723704427,5723704427,1767225615088,True,True
3800397695,87632.74,0.01369,5723704428,5723704428,1767225615094,True,True
3800397696,87632.74,0.00456,5723704429,5723704429,1767225615096,True,True
3800397697,87632.74,0.01711,5723704430,5723704430,1767225615097,True,True
3800397698,87632.74,0.00379,5723704431,5723704431,1767225615097,True,True
3800397699,87632.75,0.00015,5723704432,5723704432,1767225615170,False,True
3800397700,87632.74,0.015,5723704433,5723704433,1767225615173,True,True
3800397701,87632.74,0.00062,5723704434,5723704434,1767225615193,True,True
3800397702,87632.74,0.11531,5723704435,5723704435,1767225615209,True,True
3800397703,87632.74,0.06523,5723704436,5723704436,1767225615210,True,True
3800397704,87632.74,0.0639,5723704437,5723704437,1767225615210,True,True
3800397705,87632.75,0.0026,5723704438,5723704438,1767225615398,False,True
3800397706,87632.75,0.013,5723704439,5723704439,1767225615398,False,True
3800397707,87632.75,0.00012,5723704440,5723704440,1767225616423,False,True
3800397708,87632.74,0.01841,5723704441,5723704441,1767225616729,True,True
3800397709,87632.74,0.00148,5723704442,5723704442,1767225616750,True,True
3800397710,87632.75,0.00012,5723704443,5723704443,1767225617317,False,True
3800397711,87632.75,0.00012,5723704444,5723704445,1767225618324,False,True
3800397712,87632.75,0.00377,5723704446,5723704453,1767225618990,False,True
3800397713,87632.75,0.00052,5723704454,5723704454,1767225619017,False,True
3800397714,87632.74,0.02186,5723704455,5723704468,1767225619328,True,True
3800397715,87632.74,0.00135,5723704469,5723704469,1767225619523,True,True
3800397716,87632.75,0.00015,5723704470,5723704470,1767225620542,False,True
3800397717,87632.75,0.0022,5723704471,5723704472,1767225620614,False,True
3800397718,87632.75,0.00012,5723704473,5723704474,1767225620915,False,True
3800397719,87632.74,0.00018,5723704475,5723704475,1767225621490,True,True
3800397720,87632.74,0.00235,5723704476,5723704476,1767225621582,True,True
3800397721,87632.75,0.00012,5723704477,5723704478,1767225621855,False,True
3800397722,87632.74,0.00067,5723704479,5723704479,1767225622253,True,True
3800397723,87632.74,0.00111,5723704480,5723704480,1767225622254,True,True
3800397724,87632.75,0.00031,5723704481,5723704484,1767225622979,False,True
3800397725,87632.75,0.00012,5723704485,5723704486,1767225623233,False,True
3800397726,87632.75,0.00071,5723704487,5723704488,1767225623318,False,True
3800397727,87632.75,0.0008,5723704489,5723704489,1767225623782,False,True
3800397728,87632.75,9e-05,5723704490,5723704490,1767225623953,False,True
3800397729,87632.75,0.00012,5723704491,5723704491,1767225624002,False,True
3800397730,87632.74,0.00016,5723704492,5723704492,1767225624077,True,True
3800397731,87632.75,0.00059,5723704493,5723704493,1767225624147,False,True
3800397732,87632.74,0.00068,5723704494,5723704494,1767225624357,True,True
3800397733,87632.74,0.00419,5723704495,5723704495,1767225624359,True,True
3800397734,87632.74,0.0041,5723704496,5723704496,1767225624359,True,True
3800397735,87632.75,0.0002,5723704497,5723704497,1767225624388,False,True
3800397736,87632.74,0.00912,5723704498,5723704498,1767225624648,True,True
3800397737,87632.75,0.00046,5723704499,5723704499,1767225624945,False,True
3800397738,87632.75,0.00012,5723704500,5723704500,1767225625298,False,True
3800397739,87632.74,0.00325,5723704501,5723704501,1767225625738,True,True
3800397740,87632.75,0.00208,5723704502,5723704502,1767225626367,False,True
3800397741,87632.75,9e-05,5723704503,5723704503,1767225626773,False,True
3800397742,87632.75,0.00155,5723704504,5723704505,1767225626846,False,True
3800397743,87632.74,0.01129,5723704506,5723704506,1767225627218,True,True
3800397744,87632.75,0.00012,5723704507,5723704507,1767225627423,False,True
3800397745,87632.74,0.00348,5723704508,5723704508,1767225627585,True,True
3800397746,87632.75,0.00012,5723704509,5723704509,1767225628000,False,True
3800397747,87632.74,0.00037,5723704510,5723704510,1767225628941,True,True
3800397748,87632.74,0.00059,5723704511,5723704511,1767225629262,True,True
3800397749,87632.75,0.00032,5723704512,5723704512,1767225629526,False,True
3800397750,87632.74,0.01478,5723704513,5723704513,1767225630306,True,True
3800397751,87632.74,0.00196,5723704514,5723704514,1767225630339,True,True
3800397752,87632.75,0.00114,5723704515,5723704515,1767225630366,False,True
3800397753,87632.75,0.00734,5723704516,5723704528,1767225630378,False,True
3800397754,87632.75,0.0001,5723704529,5723704529,1767225630513,False,True
3800397755,87632.75,0.00373,5723704530,5723704530,1767225630961,False,True
3800397756,87632.75,0.46619,5723704531,5723704589,1767225630989,False,True
3800397757,87632.76,0.00087,5723704590,5723704603,1767225630989,False,True
3800397758,87633.18,6e-05,5723704604,5723704604,1767225630989,False,True
3800397759,87634.21,6e-05,5723704605,5723704605,1767225630989,False,True
3800397760,87635.0,0.00018,5723704606,5723704608,1767225630989,False,True
3800397761,87635.99,0.00018,5723704609,5723704611,1767225630990,False,True
3800397762,87636.0,0.00057,5723704612,5723704620,1767225630990,False,True
3800397763,87636.03,0.00018,5723704621,5723704623,1767225630990,False,True
3800397764,87636.04,0.00012,5723704624,5723704625,1767225630990,False,True
3800397765,87636.26,6e-05,5723704626,5723704626,1767225630990,False,True
3800397766,87636.99,0.00018,5723704627,5723704629,1767225630991,False,True
3800397767,87637.0,0.0003,5723704630,5723704634,1767225630991,False,True
3800397768,87637.57,6e-05,5723704635,5723704635,1767225630991,False,True
3800397769,87637.99,0.00018,5723704636,5723704638,1767225630991,False,True
3800397770,87638.0,0.00036,5723704639,5723704644,1767225630991,False,True
3800397771,87638.01,0.06937,5723704645,5723704659,1767225630991,False,True
3800397772,87638.86,0.00012,5723704660,5723704661,1767225630991,False,True
3800397773,87638.88,0.00046,5723704662,5723704662,1767225630991,False,True
3800397774,87638.89,0.003,5723704663,5723704663,1767225630991,False,True
3800397775,87639.0,0.00012,5723704664,5723704665,1767225630991,False,True
3800397776,87639.23,7e-05,5723704666,5723704666,1767225630991,False,True
3800397777,87639.96,0.00018,5723704667,5723704669,1767225630992,False,True
3800397778,87640.0,0.00036,5723704670,5723704675,1767225630992,False,True
3800397779,87640.4,0.00048,5723704676,5723704683,1767225630992,False,True
3800397780,87641.4,0.00353,5723704684,5723704716,1767225631013,False,True
3800397781,87641.41,0.00117,5723704717,5723704735,1767225631013,False,True
3800397782,87641.42,9e-05,5723704736,5723704736,1767225631013,False,True
3800397783,87641.49,0.00018,5723704737,5723704739,1767225631013,False,True
3800397784,87641.5,0.00012,5723704740,5723704741,1767225631013,False,True
3800397785,87641.54,0.00018,5723704742,5723704744,1767225631013,False,True
3800397786,87641.9,6e-05,5723704745,5723704745,1767225631013,False,True
3800397787,87641.96,6e-05,5723704746,5723704746,1767225631013,False,True
3800397788,87641.98,0.00018,5723704747,5723704749,1767225631013,False,True
3800397789,87641.99,0.0003,5723704750,5723704754,1767225631013,False,True
3800397790,87642.1,8e-05,5723704755,5723704756,1767225631013,False,True
3800397791,87642.1,0.0001,5723704757,5723704758,1767225631013,False,True
3800397792,87642.11,0.00012,5723704759,5723704760,1767225631013,False,True
3800397793,87642.16,7e-05,5723704761,5723704761,1767225631013,False,True
3800397794,87642.29,0.00018,5723704762,5723704764,1767225631013,False,True
3800397795,87642.3,0.00012,5723704765,5723704766,1767225631013,False,True
3800397796,87642.88,6e-05,5723704767,5723704767,1767225631013,False,True
3800397797,87643.6,0.00018,5723704768,5723704770,1767225631013,False,True
3800397798,87643.69,0.00012,5723704771,5723704771,1767225631013,False,True
3800397799,87644.12,0.00018,5723704772,5723704774,1767225631013,False,True
3800397800,87644.13,0.00012,5723704775,5723704776,1767225631013,False,True
3800397801,87644.46,6e-05,5723704777,5723704777,1767225631013,False,True
3800397802,87644.47,0.00012,5723704778,5723704779,1767225631013,False,True
3800397803,87644.53,0.0003,5723704780,5723704784,1767225631013,False,True
3800397804,87644.9,6e-05,5723704785,5723704785,1767225631013,False,True
3800397805,87645.01,0.00062,5723704786,5723704787,1767225631013,False,True
3800397806,87645.01,0.00845,5723704788,5723704788,1767225631037,False,True
3800397807,87645.01,0.00071,5723704789,5723704789,1767225631038,False,True
3800397808,87645.01,0.01756,5723704790,5723704790,1767225631039,False,True
3800397809,87645.01,0.00902,5723704791,5723704791,1767225631069,False,True
3800397810,87645.01,0.00012,5723704792,5723704792,1767225631268,False,True
3800397811,87645.01,0.00228,5723704793,5723704793,1767225631696,False,True
3800397812,87645.01,0.0037,5723704794,5723704794,1767225631967,False,True
3800397813,87645.01,0.00081,5723704795,5723704795,1767225632222,False,True
3800397814,87645.0,0.00018,5723704796,5723704796,1767225632268,True,True
3800397815,87645.0,0.00069,5723704797,5723704797,1767225633297,True,True
3800397816,87645.01,0.00025,5723704798,5723704798,1767225634000,False,True
3800397817,87645.0,0.00063,5723704799,5723704799,1767225634079,True,True
3800397818,87645.01,0.0062,5723704800,5723704800,1767225634511,False,True
3800397819,87645.01,0.00497,5723704801,5723704801,1767225634544,False,True
3800397820,87645.01,0.00031,5723704802,5723704802,1767225634995,False,True
3800397821,87645.01,0.00778,5723704803,5723704803,1767225635110,False,True
3800397822,87645.01,0.00487,5723704804,5723704804,1767225635118,False,True
3800397823,87645.01,0.0003,5723704805,5723704805,1767225635407,False,True
3800397824,87645.0,0.00035,5723704806,5723704806,1767225635412,True,True
3800397825,87645.0,0.00317,5723704807,5723704807,1767225635926,True,True
3800397826,87645.01,0.00221,5723704808,5723704826,1767225636309,False,True
3800397827,87645.0,0.00781,5723704827,5723704827,1767225636331,True,True
3800397828,87645.01,0.0002,5723704828,5723704830,1767225636890,False,True
3800397829,87645.01,0.00216,5723704831,5723704833,1767225637614,False,True
3800397830,87645.01,0.00578,5723704834,5723704842,1767225638042,False,True
3800397831,87645.0,0.00579,5723704843,5723704843,1767225639052,True,True
3800397832,87645.0,0.00781,5723704844,5723704844,1767225639336,True,True
3800397833,87645.01,0.04167,5723704845,5723704871,1767225639665,False,True
3800397834,87645.02,0.00093,5723704872,5723704886,1767225639665,False,True
3800397835,87645.09,7e-05,5723704887,5723704887,1767225639665,False,True
3800397836,87645.4,6e-05,5723704888,5723704888,1767225639665,False,True
3800397837,87646.35,6e-05,5723704889,5723704889,1767225639665,False,True
3800397838,87646.49,6e-05,5723704890,5723704890,1767225639665,False,True
3800397839,87647.14,0.00018,5723704891,5723704893,1767225639665,False,True
3800397840,87647.32,0.00039,5723704894,5723704899,1767225639665,False,True
3800397841,87647.33,0.00012,5723704900,5723704901,1767225639665,False,True
3800397842,87647.67,0.00018,5723704902,5723704904,1767225639665,False,True
3800397843,87647.68,0.03214,5723704905,5723704910,1767225639665,False,True
3800397844,87647.99,0.00018,5723704911,5723704913,1767225639665,False,True
3800397845,87648.0,0.0061,5723704914,5723704915,1767225639690,False,True
3800397846,87648.0,0.00059,5723704916,5723704916,1767225639778,False,True
3800397847,87647.99,0.00058,5723704917,5723704917,1767225639906,True,True
3800397848,87648.0,0.0001,5723704918,5723704918,1767225639992,False,True
3800397849,87647.99,0.00341,5723704919,5723704919,1767225640049,True,True
3800397850,87647.99,0.00222,5723704920,5723704920,1767225640646,True,True
3800397851,87647.99,0.00039,5723704921,5723704921,1767225640880,True,True
3800397852,87648.0,0.00012,5723704922,5723704922,1767225640918,False,True
3800397853,87647.99,9e-05,5723704923,5723704923,1767225641340,True,True
3800397854,87648.0,0.00013,5723704924,5723704924,1767225641341,False,True
3800397855,87648.0,0.00013,5723704925,5723704925,1767225641621,False,True
3800397856,87647.99,0.00411,5723704926,5723704926,1767225641748,True,True
3800397857,87648.0,0.0029,5723704927,5723704927,1767225641766,False,True
3800397858,87647.99,0.20785,5723704928,5723704928,1767225641809,True,True
3800397859,87648.0,0.00012,5723704929,5723704929,1767225641872,False,True
3800397860,87648.0,0.00013,5723704930,5723704930,1767225642231,False,True
3800397861,87648.0,0.0003,5723704931,5723704931,1767225642452,False,True
3800397862,87648.0,0.00285,5723704932,5723704932,1767225642570,False,True
3800397863,87647.99,0.00074,5723704933,5723704933,1767225642736,True,True
3800397864,87648.0,0.00076,5723704934,5723704934,1767225642784,False,True
3800397865,87647.99,0.00029,5723704935,5723704935,1767225642934,True,True
3800397866,87648.0,0.002,5723704936,5723704936,1767225643096,False,True
3800397867,87648.0,0.00012,5723704937,5723704937,1767225643128,False,True
3800397868,87647.99,0.0114,5723704938,5723704938,1767225643129,True,True
3800397869,87648.0,0.00279,5723704939,5723704939,1767225643322,False,True
3800397870,87648.0,0.001,5723704940,5723704940,1767225643356,False,True
3800397871,87648.0,0.00084,5723704941,5723704941,1767225643357,False,True
3800397872,87648.0,0.00328,5723704942,5723704942,1767225643357,False,True
3800397873,87648.0,0.003,5723704943,5723704943,1767225643357,False,True
3800397874,87647.99,0.00021,5723704944,5723704944,1767225643378,True,True
3800397875,87648.0,0.0029,5723704945,5723704945,1767225643444,False,True
3800397876,87647.99,0.00042,5723704946,5723704946,1767225643578,True,True
3800397877,87648.0,0.00012,5723704947,5723704947,1767225643730,False,True
3800397878,87648.0,0.00017,5723704948,5723704948,1767225644414,False,True
3800397879,87648.0,0.00017,5723704949,5723704949,1767225644415,False,True
3800397880,87648.0,0.00271,5723704950,5723704950,1767225644533,False,True
3800397881,87648.0,0.00015,5723704951,5723704951,1767225644775,False,True
3800397882,87647.99,0.03513,5723704952,5723704953,1767225644988,True,True
3800397883,87648.0,0.00012,5723704954,5723704954,1767225645214,False,True
3800397884,87647.99,0.00059,5723704955,5723704955,1767225645237,True,True
3800397885,87647.99,0.0027,5723704956,5723704956,1767225645323,True,True
3800397886,87647.99,0.00012,5723704957,5723704957,1767225645994,True,True
3800397887,87648.0,0.00039,5723704958,5723704958,1767225646010,False,True
3800397888,87648.0,0.00012,5723704959,5723704959,1767225646022,False,True
3800397889,87648.0,0.00013,5723704960,5723704960,1767225646078,False,True
3800397890,87648.0,0.00011,5723704961,5723704961,1767225646130,False,True
3800397891,87647.99,0.00059,5723704962,5723704962,1767225646152,True,True
3800397892,87648.0,0.00012,5723704963,5723704963,1767225646367,False,True
3800397893,87648.0,0.00023,5723704964,5723704964,1767225646452,False,True
3800397894,87648.0,0.00288,5723704965,5723704965,1767225646499,False,True
3800397895,87648.0,0.00013,5723704966,5723704966,1767225646513,False,True
3800397896,87648.0,0.00067,5723704967,5723704967,1767225646583,False,True
3800397897,87648.0,0.00013,5723704968,5723704968,1767225646944,False,True
3800397898,87648.0,0.00012,5723704969,5723704969,1767225646952,False,True
3800397899,87648.0,0.0004,5723704970,5723704970,1767225647083,False,True
3800397900,87648.0,0.00042,5723704971,5723704971,1767225647160,False,True
3800397901,87648.0,0.00013,5723704972,5723704972,1767225647443,False,True
3800397902,87648.0,0.00032,5723704973,5723704973,1767225647897,False,True
3800397903,87648.0,0.00276,5723704974,5723704974,1767225647997,False,True
3800397904,87648.0,0.00274,5723704975,5723704975,1767225648001,False,True
3800397905,87648.0,0.00283,5723704976,5723704976,1767225648131,False,True
3800397906,87648.0,0.00012,5723704977,5723704977,1767225648222,False,True
3800397907,87648.0,0.00497,5723704978,5723704978,1767225648287,False,True
3800397908,87648.0,0.00341,5723704979,5723704979,1767225648328,False,True
3800397909,87648.0,6e-05,5723704980,5723704980,1767225648451,False,True
3800397910,87648.0,0.00149,5723704981,5723704981,1767225648590,False,True
3800397911,87648.0,0.00012,5723704982,5723704982,1767225648644,False,True
3800397912,87648.0,0.00012,5723704983,5723704983,1767225648734,False,True
3800397913,87648.0,0.00229,5723704984,5723704984,1767225648767,False,True
3800397914,87648.0,0.00013,5723704985,5723704985,1767225648786,False,True
3800397915,87648.0,0.00023,5723704986,5723704986,1767225649149,False,True
3800397916,87648.0,0.00032,5723704987,5723704987,1767225649191,False,True
3800397917,87647.99,0.00042,5723704988,5723704988,1767225649208,True,True
3800397918,87647.99,0.00143,5723704989,5723704989,1767225649295,True,True
3800397919,87648.0,0.00012,5723704990,5723704990,1767225649502,False,True
3800397920,87647.99,6e-05,5723704991,5723704991,1767225649640,True,True
3800397921,87648.0,0.00167,5723704992,5723704992,1767225649761,False,True
3800397922,87648.0,0.00167,5723704993,5723704993,1767225649788,False,True
3800397923,87647.99,0.00243,5723704994,5723704995,1767225649806,True,True
3800397924,87647.99,0.0099,5723704996,5723704996,1767225649954,True,True
3800397925,87647.99,0.00274,5723704997,5723704997,1767225650081,True,True
3800397926,87648.0,0.00012,5723704998,5723704998,1767225650243,False,True
3800397927,87648.0,0.34227,5723704999,5723704999,1767225650302,False,True
3800397928,87648.0,6e-05,5723705000,5723705000,1767225650336,False,True
3800397929,87648.0,0.01087,5723705001,5723705001,1767225650644,False,True
3800397930,87648.0,0.00323,5723705002,5723705002,1767225651291,False,True
3800397931,87648.0,0.00027,5723705003,5723705003,1767225651306,False,True
3800397932,87647.99,0.00232,5723705004,5723705004,1767225651318,True,True
3800397933,87648.0,0.00012,5723705005,5723705005,1767225651455,False,True
3800397934,87648.0,0.00037,5723705006,5723705006,1767225651553,False,True
3800397935,87647.99,0.00029,5723705007,5723705007,1767225651615,True,True
3800397936,87648.0,0.00108,5723705008,5723705008,1767225651674,False,True
3800397937,87648.0,0.00012,5723705009,5723705009,1767225651744,False,True
3800397938,87648.0,0.00019,5723705010,5723705010,1767225651765,False,True
3800397939,87648.0,0.00013,5723705011,5723705011,1767225651811,False,True
3800397940,87648.0,7e-05,5723705012,5723705012,1767225652086,False,True
3800397941,87648.0,0.00013,5723705013,5723705013,1767225652324,False,True
3800397942,87648.0,0.00013,5723705014,5723705014,1767225652710,False,True
3800397943,87647.99,0.00286,5723705015,5723705015,1767225652860,True,True
3800397944,87648.0,0.00012,5723705016,5723705016,1767225653392,False,True
3800397945,87648.0,0.00012,5723705017,5723705017,1767225653808,False,True
3800397946,87647.99,0.00032,5723705018,5723705018,1767225653873,True,True
3800397947,87648.0,0.00053,5723705019,5723705019,1767225653954,False,True
3800397948,87648.0,0.00023,5723705020,5723705020,1767225654238,False,True
3800397949,87647.99,0.00029,5723705021,5723705021,1767225654296,True,True
3800397950,87647.99,0.00028,5723705022,5723705022,1767225654302,True,True
3800397951,87647.99,0.00316,5723705023,5723705023,1767225654343,True,True
3800397952,87648.0,0.00012,5723705024,5723705024,1767225654425,False,True
3800397953,87648.0,0.00017,5723705025,5723705025,1767225654578,False,True
3800397954,87647.99,0.00011,5723705026,5723705026,1767225654657,True,True
3800397955,87647.99,0.00042,5723705027,5723705027,1767225654764,True,True
3800397956,87648.0,0.00343,5723705028,5723705028,1767225654770,False,True
3800397957,87648.0,0.00058,5723705029,5723705029,1767225654987,False,True
3800397958,87647.99,0.00106,5723705030,5723705030,1767225655132,True,True
3800397959,87647.99,0.00213,5723705031,5723705031,1767225655133,True,True
3800397960,87648.0,0.00012,5723705032,5723705032,1767225655619,False,True
3800397961,87647.99,0.00345,5723705033,5723705033,1767225655867,True,True
3800397962,87647.99,0.00039,5723705034,5723705034,1767225655884,True,True
3800397963,87648.0,0.00012,5723705035,5723705035,1767225656458,False,True
3800397964,87647.99,0.00081,5723705036,5723705036,1767225656952,True,True
3800397965,87648.0,0.00246,5723705037,5723705037,1767225657096,False,True
3800397966,87648.0,0.00064,5723705038,5723705038,1767225657153,False,True
3800397967,87648.0,0.00013,5723705039,5723705039,1767225657323,False,True
3800397968,87647.99,0.00121,5723705040,5723705040,1767225657401,True,True
3800397969,87647.99,0.00523,5723705041,5723705041,1767225657401,True,True
3800397970,87648.0,0.00012,5723705042,5723705042,1767225657637,False,True
3800397971,87647.99,0.00647,5723705043,5723705043,1767225657754,True,True
3800397972,87648.0,0.00013,5723705044,5723705044,1767225657882,False,True
3800397973,87648.0,0.00013,5723705045,5723705045,1767225658314,False,True
3800397974,87648.0,0.0003,5723705046,5723705046,1767225658481,False,True
3800397975,87648.0,0.00252,5723705047,5723705047,1767225658579,False,True
3800397976,87648.0,0.00012,5723705048,5723705048,1767225658674,False,True
3800397977,87647.99,0.00588,5723705049,5723705049,1767225658899,True,True
3800397978,87647.99,0.005,5723705050,5723705050,1767225658901,True,True
3800397979,87648.0,0.00011,5723705051,5723705051,1767225658920,False,True
3800397980,87647.99,0.00502,5723705052,5723705052,1767225659767,True,True
3800397981,87648.0,0.00012,5723705053,5723705053,1767225659963,False,True
3800397982,87648.0,0.00057,5723705054,5723705054,1767225660209,False,True
3800397983,87648.0,0.00103,5723705055,5723705055,1767225660257,False,True
3800397984,87647.99,0.00042,5723705056,5723705056,1767225660258,True,True
3800397985,87647.99,7e-05,5723705057,5723705057,1767225660356,True,True
3800397986,87648.0,0.00158,5723705058,5723705058,1767225660435,False,True
3800397987,87647.99,0.0056,5723705059,5723705059,1767225660509,True,True
3800397988,87647.99,0.00015,5723705060,5723705060,1767225661003,True,True
3800397989,87647.99,0.00022,5723705061,5723705061,1767225661042,True,True
3800397990,87648.0,0.00012,5723705062,5723705062,1767225661429,False,True
3800397991,87647.99,0.00348,5723705063,5723705063,1767225661473,True,True
3800397992,87647.99,0.00096,5723705064,5723705064,1767225661514,True,True
3800397993,87647.99,0.00286,5723705065,5723705065,1767225662131,True,True
3800397994,87647.99,0.00222,5723705066,5723705066,1767225662134,True,True
3800397995,87648.0,0.00012,5723705067,5723705067,1767225662325,False,True
3800397996,87648.0,0.00109,5723705068,5723705068,1767225662848,False,True
3800397997,87648.0,0.00164,5723705069,5723705069,1767225662849,False,True
3800397998,87648.0,0.0001,5723705070,5723705070,1767225662849,False,True
3800397999,87647.99,0.00028,5723705071,5723705071,1767225663356,True,True
3800398000,87648.0,0.00013,5723705072,5723705072,1767225663423,False,True
3800398001,87648.0,0.00027,5723705073,5723705073,1767225663532,False,True
3800398002,87648.0,0.00012,5723705074,5723705074,1767225663820,False,True
3800398003,87648.0,0.00091,5723705075,5723705075,1767225664276,False,True
3800398004,87647.99,0.00011,5723705076,5723705076,1767225664278,True,True
3800398005,87648.0,0.00012,5723705077,5723705077,1767225664323,False,True
3800398006,87648.0,0.00013,5723705078,5723705078,1767225664703,False,True
3800398007,87648.0,0.00458,5723705079,5723705079,1767225665132,False,True
3800398008,87648.0,0.00013,5723705080,5723705080,1767225665246,False,True
3800398009,87648.0,0.0004,5723705081,5723705081,1767225665568,False,True
3800398010,87648.0,0.00014,5723705082,5723705082,1767225666284,False,True
3800398011,87648.0,0.00012,5723705083,5723705083,1767225666600,False,True
3800398012,87648.0,0.00012,5723705084,5723705084,1767225666613,False,True
3800398013,87648.0,0.00289,5723705085,5723705085,1767225666936,False,True
3800398014,87648.0,0.002,5723705086,5723705086,1767225667349,False,True
3800398015,87648.0,8e-05,5723705087,5723705087,1767225667570,False,True
3800398016,87648.0,0.00011,5723705088,5723705088,1767225667646,False,True
3800398017,87648.0,0.00012,5723705089,5723705089,1767225667701,False,True
3800398018,87647.99,0.00338,5723705090,5723705090,1767225668250,True,True
3800398019,87647.99,0.00011,5723705091,5723705091,1767225668602,True,True
3800398020,87648.0,0.00012,5723705092,5723705092,1767225668715,False,True
3800398021,87647.99,0.00042,5723705093,5723705093,1767225668738,True,True
3800398022,87647.99,0.03779,5723705094,5723705094,1767225668844,True,True
3800398023,87648.0,0.0009,5723705095,5723705095,1767225669212,False,True
3800398024,87647.99,0.0017,5723705096,5723705096,1767225669303,True,True
3800398025,87648.0,0.00012,5723705097,5723705097,1767225669918,False,True
3800398026,87648.0,0.00042,5723705098,5723705098,1767225671045,False,True
3800398027,87648.0,0.0038,5723705099,5723705099,1767225671285,False,True
3800398028,87648.0,0.00015,5723705100,5723705100,1767225671373,False,True
3800398029,87648.0,0.02867,5723705101,5723705101,1767225671507,False,True
3800398030,87648.0,0.00034,5723705102,5723705102,1767225671542,False,True
3800398031,87648.0,0.00012,5723705103,5723705103,1767225671626,False,True
3800398032,87647.99,0.02867,5723705104,5723705105,1767225671691,True,True
3800398033,87648.0,0.10262,5723705106,5723705106,1767225671881,False,True
3800398034,87648.0,0.00012,5723705107,5723705107,1767225672245,False,True
3800398035,87648.0,0.00281,5723705108,5723705108,1767225672846,False,True
3800398036,87648.0,0.00013,5723705109,5723705109,1767225673098,False,True
3800398037,87648.0,0.00012,5723705110,5723705110,1767225673676,False,True
3800398038,87648.0,0.00068,5723705111,5723705111,1767225673687,False,True
3800398039,87647.99,0.00011,5723705112,5723705112,1767225673897,True,True
3800398040,87648.0,0.00012,5723705113,5723705113,1767225674045,False,True
3800398041,87647.99,0.00013,5723705114,5723705114,1767225674242,True,True
3800398042,87647.99,0.00058,5723705115,5723705115,1767225674352,True,True
3800398043,87648.0,0.00016,5723705116,5723705116,1767225674946,False,True
3800398044,87648.0,0.00012,5723705117,5723705117,1767225675230,False,True
3800398045,87647.99,0.0078,5723705118,5723705118,1767225675261,True,True
3800398046,87648.0,0.00015,5723705119,5723705119,1767225675530,False,True
3800398047,87647.99,0.00131,5723705120,5723705120,1767225676096,True,True
3800398048,87648.0,0.00046,5723705121,5723705121,1767225676128,False,True
3800398049,87648.0,0.00012,5723705122,5723705122,1767225676147,False,True
3800398050,87647.99,0.00012,5723705123,5723705123,1767225676898,True,True
3800398051,87647.99,0.08513,5723705124,5723705124,1767225677116,True,True
3800398052,87648.0,0.00012,5723705125,5723705125,1767225677244,False,True
3800398053,87648.0,0.00012,5723705126,5723705126,1767225678084,False,True
3800398054,87648.0,0.00113,5723705127,5723705127,1767225678171,False,True
3800398055,87648.0,0.00113,5723705128,5723705128,1767225678172,False,True
3800398056,87648.0,0.00012,5723705129,5723705129,1767225678429,False,True
3800398057,87648.0,0.00015,5723705130,5723705130,1767225679136,False,True
3800398058,87648.0,0.00012,5723705131,5723705131,1767225679265,False,True
3800398059,87648.0,0.00087,5723705132,5723705132,1767225679326,False,True
3800398060,87648.0,0.01652,5723705133,5723705133,1767225679340,False,True
3800398061,87648.0,0.00029,5723705134,5723705134,1767225679343,False,True
3800398062,87648.0,0.01099,5723705135,5723705135,1767225679408,False,True
3800398063,87648.0,0.00012,5723705136,5723705136,1767225679960,False,True
3800398064,87647.99,0.00111,5723705137,5723705137,1767225680274,True,True
3800398065,87647.99,0.07293,5723705138,5723705142,1767225680725,True,True
3800398066,87647.99,0.03314,5723705143,5723705143,1767225680826,True,True
3800398067,87648.0,0.00012,5723705144,5723705144,1767225681316,False,True
3800398068,87648.0,0.00066,5723705145,5723705145,1767225681820,False,True
3800398069,87648.0,0.00066,5723705146,5723705146,1767225681820,False,True
3800398070,87648.0,0.00066,5723705147,5723705147,1767225681820,False,True
3800398071,87648.0,0.00066,5723705148,5723705148,1767225681821,False,True
3800398072,87648.0,0.00076,5723705149,5723705149,1767225681821,False,True
3800398073,87648.0,6e-05,5723705150,5723705150,1767225681857,False,True
3800398074,87647.99,0.00984,5723705151,5723705151,1767225681877,True,True
3800398075,87648.0,0.00066,5723705152,5723705152,1767225681877,False,True
3800398076,87648.0,0.0309,5723705153,5723705153,1767225681888,False,True
3800398077,87647.99,0.0046,5723705154,5723705154,1767225682010,True,True
3800398078,87648.0,0.00011,5723705155,5723705155,1767225682052,False,True
3800398079,87648.0,0.00012,5723705156,5723705156,1767225682296,False,True
3800398080,87647.99,0.00029,5723705157,5723705157,1767225682670,True,True
3800398081,87648.0,0.00025,5723705158,5723705158,1767225683208,False,True
3800398082,87648.0,0.00012,5723705159,5723705159,1767225683418,False,True
3800398083,87648.0,0.00016,5723705160,5723705160,1767225683823,False,True
3800398084,87648.0,0.00028,5723705161,5723705161,1767225683836,False,True
3800398085,87647.99,0.67172,5723705162,5723705172,1767225684009,True,True
3800398086,87648.0,0.00012,5723705173,5723705173,1767225684362,False,True
3800398087,87648.0,0.00118,5723705174,5723705174,1767225684601,False,True
3800398088,87648.0,0.00162,5723705175,5723705175,1767225684641,False,True
3800398089,87647.99,0.00011,5723705176,5723705176,1767225684741,True,True
3800398090,87648.0,0.00028,5723705177,5723705177,1767225685287,False,True
3800398091,87648.0,0.00103,5723705178,5723705178,1767225685314,False,True
3800398092,87647.99,0.00781,5723705179,5723705179,1767225685319,True,True
3800398093,87648.0,0.00012,5723705180,5723705180,1767225685455,False,True
3800398094,87647.99,0.00067,5723705181,5723705181,1767225685955,True,True
3800398095,87648.0,0.00037,5723705182,5723705182,1767225686021,False,True
3800398096,87648.0,0.00012,5723705183,5723705183,1767225686626,False,True
3800398097,87648.0,0.00054,5723705184,5723705184,1767225686890,False,True
3800398098,87648.0,0.00075,5723705185,5723705185,1767225687572,False,True
3800398099,87648.0,0.00012,5723705186,5723705186,1767225687664,False,True
3800398100,87647.99,0.00117,5723705187,5723705187,1767225688634,True,True
3800398101,87648.0,0.00012,5723705188,5723705188,1767225688788,False,True
3800398102,87648.0,8e-05,5723705189,5723705189,1767225688791,False,True
3800398103,87648.0,0.00015,5723705190,5723705190,1767225689406,False,True
3800398104,87647.99,0.00041,5723705191,5723705191,1767225689591,True,True
3800398105,87648.0,0.00012,5723705192,5723705192,1767225689656,False,True
3800398106,87648.0,0.00011,5723705193,5723705193,1767225689879,False,True
3800398107,87647.99,0.00031,5723705194,5723705194,1767225689945,True,True
3800398108,87647.99,0.00054,5723705195,5723705195,1767225689950,True,True
3800398109,87647.99,0.00779,5723705196,5723705196,1767225690323,True,True
3800398110,87648.0,0.00675,5723705197,5723705197,1767225690329,False,True
3800398111,87648.0,0.00078,5723705198,5723705198,1767225690653,False,True
3800398112,87647.99,0.07294,5723705199,5723705200,1767225690795,True,True
3800398113,87648.0,0.00012,5723705201,5723705201,1767225691008,False,True
3800398114,87648.0,0.09381,5723705202,5723705202,1767225691277,False,True
3800398115,87648.0,0.00017,5723705203,5723705203,1767225691541,False,True
3800398116,87648.0,0.00012,5723705204,5723705204,1767225691924,False,True
3800398117,87648.0,0.00054,5723705205,5723705205,1767225691988,False,True
3800398118,87647.99,0.00312,5723705206,5723705206,1767225692495,True,True
3800398119,87648.0,0.00325,5723705207,5723705207,1767225692531,False,True
3800398120,87647.99,0.00014,5723705208,5723705208,1767225692536,True,True
3800398121,87648.0,0.0114,5723705209,5723705209,1767225692636,False,True
3800398122,87647.99,0.00012,5723705210,5723705210,1767225693264,True,True
3800398123,87647.99,0.00363,5723705211,5723705211,1767225693306,True,True
3800398124,87648.0,0.00012,5723705212,5723705212,1767225693698,False,True
3800398125,87647.99,0.00038,5723705213,5723705213,1767225693845,True,True
3800398126,87647.99,0.00011,5723705214,5723705214,1767225693930,True,True
3800398127,87648.0,0.00033,5723705215,5723705215,1767225694120,False,True
3800398128,87648.0,0.00012,5723705216,5723705216,1767225694437,False,True
3800398129,87648.0,0.00012,5723705217,5723705217,1767225695703,False,True
3800398130,87648.0,0.00179,5723705218,5723705218,1767225696313,False,True
3800398131,87648.0,0.00096,5723705219,5723705219,1767225696541,False,True
3800398132,87648.0,0.00109,5723705220,5723705220,1767225696640,False,True
3800398133,87648.0,0.00109,5723705221,5723705221,1767225696640,False,True
3800398134,87648.0,0.00246,5723705222,5723705222,1767225696641,False,True
3800398135,87648.0,0.00012,5723705223,5723705223,1767225696911,False,True
3800398136,87648.0,0.00011,5723705224,5723705224,1767225697718,False,True
3800398137,87648.0,0.00012,5723705225,5723705225,1767225697932,False,True
3800398138,87647.99,0.00627,5723705226,5723705226,1767225698046,True,True
3800398139,87648.0,0.00072,5723705227,5723705227,1767225698723,False,True
3800398140,87647.99,0.01105,5723705228,5723705228,1767225698928,True,True
3800398141,87648.0,0.00247,5723705229,5723705229,1767225699039,False,True
3800398142,87648.0,0.00012,5723705230,5723705230,1767225699273,False,True
3800398143,87648.0,1.63016,5723705231,5723705302,1767225699961,False,True
3800398144,87648.01,0.00093,5723705303,5723705317,1767225699961,False,True
3800398145,87648.02,7e-05,5723705318,5723705318,1767225699961,False,True
3800398146,87648.04,0.00018,5723705319,5723705321,1767225699961,False,True
3800398147,87648.05,0.05537,5723705322,5723705325,1767225699961,False,True
3800398148,87648.22,0.00552,5723705326,5723705333,1767225699961,False,True
3800398149,87648.48,0.00018,5723705334,5723705336,1767225699961,False,True
3800398150,87648.49,0.13572,5723705337,5723705340,1767225699961,False,True
3800398151,87649.06,0.00018,5723705341,5723705343,1767225699961,False,True
3800398152,87649.07,0.00354,5723705344,5723705353,1767225699961,False,True
3800398153,87649.4,0.00024,5723705354,5723705357,1767225699961,False,True
3800398154,87649.41,0.37717,5723705358,5723705360,1767225699961,False,True
3800398155,87649.67,6e-05,5723705361,5723705361,1767225699961,False,True
3800398156,87650.13,0.00018,5723705362,5723705364,1767225699961,False,True
3800398157,87650.14,0.04888,5723705365,5723705367,1767225699961,False,True
3800398158,87650.2,0.0025,5723705368,5723705368,1767225699961,False,True
3800398159,87650.55,6e-05,5723705369,5723705369,1767225699961,False,True
3800398160,87650.74,6e-05,5723705370,5723705370,1767225699961,False,True
3800398161,87650.92,6e-05,5723705371,5723705371,1767225699961,False,True
3800398162,87650.95,7e-05,5723705372,5723705372,1767225699961,False,True
3800398163,87651.5,6e-05,5723705373,5723705373,1767225699961,False,True
3800398164,87652.04,0.02638,5723705374,5723705382,1767225699961,False,True
3800398165,87652.3,6e-05,5723705383,5723705383,1767225699961,False,True
3800398166,87652.4,0.00268,5723705384,5723705387,1767225699961,False,True
3800398167,87652.52,6e-05,5723705388,5723705388,1767225699961,False,True
3800398168,87652.53,0.18267,5723705389,5723705391,1767225699961,False,True
3800398169,87652.57,0.00018,5723705392,5723705394,1767225699961,False,True
3800398170,87652.88,0.1203,5723705395,5723705404,1767225699961,False,True
3800398171,87653.01,6e-05,5723705405,5723705405,1767225699961,False,True
3800398172,87653.13,0.18285,5723705406,5723705411,1767225699961,False,True
3800398173,87653.25,0.01156,5723705412,5723705412,1767225699961,False,True
3800398174,87653.87,0.00012,5723705413,5723705413,1767225699961,False,True
3800398175,87653.88,7e-05,5723705414,5723705414,1767225699961,False,True
3800398176,87654.13,0.00064,5723705415,5723705418,1767225699961,False,True
3800398177,87654.39,0.01518,5723705419,5723705423,1767225699961,False,True
3800398178,87654.55,7e-05,5723705424,5723705424,1767225699961,False,True
3800398179,87654.6,0.0025,5723705425,5723705425,1767225699961,False,True
3800398180,87655.03,9e-05,5723705426,5723705426,1767225699961,False,True
3800398181,87655.13,6e-05,5723705427,5723705427,1767225699961,False,True
3800398182,87655.24,0.00018,5723705428,5723705430,1767225699961,False,True
3800398183,87655.3,0.08307,5723705431,5723705434,1767225699961,False,True
3800398184,87655.31,0.00749,5723705435,5723705439,1767225699961,False,True
3800398185,87655.48,6e-05,5723705440,5723705440,1767225699961,False,True
3800398186,87656.03,0.12083,5723705441,5723705444,1767225699961,False,True
3800398187,87656.8,0.00268,5723705445,5723705448,1767225699961,False,True
3800398188,87656.81,7e-05,5723705449,5723705449,1767225699961,False,True
3800398189,87657.25,0.02,5723705450,5723705450,1767225699961,False,True
3800398190,87657.59,0.66991,5723705451,5723705451,1767225699961,False,True
3800398191,87657.6,1.27048,5723705452,5723705452,1767225699961,False,True
3800398192,87657.6,7e-05,5723705453,5723705453,1767225699965,False,True
3800398193,87657.59,0.00108,5723705454,5723705455,1767225700026,True,True
3800398194,87657.59,0.0117,5723705456,5723705456,1767225700031,True,True
3800398195,87657.6,0.00236,5723705457,5723705458,1767225700037,False,True
3800398196,87657.6,0.00637,5723705459,5723705459,1767225700037,False,True
3800398197,87657.6,0.00472,5723705460,5723705467,1767225700124,False,True
3800398198,87657.6,0.00591,5723705468,5723705468,1767225700125,False,True
3800398199,87657.6,0.00066,5723705469,5723705469,1767225700133,False,True
3800398200,87657.6,0.00012,5723705470,5723705470,1767225700339,False,True
3800398201,87657.6,0.00657,5723705471,5723705475,1767225700438,False,True
3800398202,87657.6,0.00333,5723705476,5723705476,1767225700442,False,True
3800398203,87657.6,0.00333,5723705477,5723705478,1767225700442,False,True
3800398204,87657.6,0.00333,5723705479,5723705479,1767225700443,False,True
3800398205,87657.6,0.00333,5723705480,5723705480,1767225700443,False,True
3800398206,87657.6,0.00333,5723705481,5723705481,1767225700496,False,True
3800398207,87657.6,0.00333,5723705482,5723705491,1767225700496,False,True
3800398208,87657.6,0.00333,5723705492,5723705492,1767225700496,False,True
3800398209,87657.6,0.00333,5723705493,5723705493,1767225700497,False,True
3800398210,87657.6,0.00519,5723705494,5723705530,1767225700531,False,True
3800398211,87657.61,0.00159,5723705531,5723705556,1767225700531,False,True
3800398212,87658.0,0.00058,5723705557,5723705558,1767225700531,False,True
3800398213,87658.1,6e-05,5723705559,5723705559,1767225700531,False,True
3800398214,87658.51,0.00138,5723705560,5723705560,1767225700531,False,True
3800398215,87658.51,0.00045,5723705561,5723705561,1767225700531,False,True
3800398216,87659.08,7e-05,5723705562,5723705562,1767225700531,False,True
3800398217,87659.5,0.00018,5723705563,5723705565,1767225700532,False,True
3800398218,87659.52,6e-05,5723705566,5723705566,1767225700532,False,True
3800398219,87659.74,7e-05,5723705567,5723705567,1767225700532,False,True
3800398220,87659.99,0.00018,5723705568,5723705570,1767225700532,False,True
3800398221,87660.0,0.02312,5723705571,5723705576,1767225700532,False,True
3800398222,87660.27,0.00027,5723705577,5723705577,1767225700532,False,True
3800398223,87660.27,0.0012,5723705578,5723705591,1767225700535,False,True
3800398224,87660.28,0.00036,5723705592,5723705597,1767225700535,False,True
3800398225,87661.74,0.00018,5723705598,5723705600,1767225700535,False,True
3800398226,87661.75,6e-05,5723705601,5723705601,1767225700535,False,True
3800398227,87662.0,0.00133,5723705602,5723705607,1767225700535,False,True
3800398228,87662.67,0.00221,5723705608,5723705635,1767225700549,False,True
3800398229,87662.68,0.00108,5723705636,5723705653,1767225700549,False,True
3800398230,87662.83,0.00018,5723705654,5723705656,1767225700549,False,True
3800398231,87662.84,0.00021,5723705657,5723705659,1767225700549,False,True
3800398232,87663.26,0.00018,5723705660,5723705662,1767225700549,False,True
3800398233,87663.42,0.00151,5723705663,5723705663,1767225700549,False,True
3800398234,87663.42,0.00301,5723705664,5723705686,1767225700552,False,True
3800398235,87663.42,0.00227,5723705687,5723705699,1767225700558,False,True
3800398236,87663.43,0.00117,5723705700,5723705718,1767225700558,False,True
3800398237,87663.76,0.00018,5723705719,5723705721,1767225700558,False,True
3800398238,87663.77,0.0012,5723705722,5723705723,1767225700558,False,True
3800398239,87663.84,0.00012,5723705724,5723705724,1767225700558,False,True
3800398240,87663.86,0.00018,5723705725,5723705727,1767225700558,False,True
3800398241,87663.9,9e-05,5723705728,5723705728,1767225700558,False,True
3800398242,87663.91,6e-05,5723705729,5723705729,1767225700558,False,True
3800398243,87664.0,0.00118,5723705730,5723705733,1767225700558,False,True
3800398244,87664.1,0.00015,5723705734,5723705736,1767225700558,False,True
3800398245,87664.1,0.01368,5723705737,5723705752,1767225700565,False,True
3800398246,87664.1,0.00294,5723705753,5723705777,1767225700589,False,True
3800398247,87664.1,0.00057,5723705778,5723705778,1767225700648,True,True
3800398248,87664.11,0.00015,5723705779,5723705781,1767225700996,False,True
3800398249,87664.11,0.06214,5723705782,5723705839,1767225701057,False,True
3800398250,87664.12,0.00114,5723705840,5723705858,1767225701057,False,True
3800398251,87664.12,3e-05,5723705859,5723705859,1767225701057,False,True
3800398252,87664.56,0.00018,5723705860,5723705862,1767225701057,False,True
3800398253,87664.58,6e-05,5723705863,5723705863,1767225701057,False,True
3800398254,87665.5,6e-05,5723705864,5723705864,1767225701057,False,True
3800398255,87665.6,7e-05,5723705865,5723705865,1767225701057,False,True
3800398256,87666.0,0.00109,5723705866,5723705867,1767225701057,False,True
3800398257,87667.75,6e-05,5723705868,5723705868,1767225701057,False,True
3800398258,87667.8,0.00018,5723705869,5723705871,1767225701057,False,True
3800398259,87668.0,0.00118,5723705872,5723705875,1767225701057,False,True
3800398260,87668.09,6e-05,5723705876,5723705876,1767225701057,False,True
3800398261,87668.3,6e-05,5723705877,5723705877,1767225701057,False,True
3800398262,87668.34,0.00018,5723705878,5723705880,1767225701057,False,True
3800398263,87668.35,0.00981,5723705881,5723705883,1767225701057,False,True
3800398264,87668.4,0.00036,5723705884,5723705889,1767225701057,False,True
3800398265,87668.53,7e-05,5723705890,5723705890,1767225701057,False,True
3800398266,87668.55,0.00018,5723705891,5723705893,1767225701057,False,True
3800398267,87668.56,0.0003,5723705894,5723705898,1767225701057,False,True
3800398268,87668.57,0.02634,5723705899,5723705899,1767225701057,False,True
3800398269,87668.57,0.01,5723705900,5723705900,1767225701057,False,True
3800398270,87668.57,0.08,5723705901,5723705901,1767225701058,False,True
3800398271,87668.57,0.26075,5723705902,5723705904,1767225701058,False,True
3800398272,87668.98,0.00018,5723705905,5723705907,1767225701058,False,True
3800398273,87668.99,0.00012,5723705908,5723705909,1767225701058,False,True
3800398274,87669.02,0.00018,5723705910,5723705912,1767225701058,False,True
3800398275,87669.2,0.00087,5723705913,5723705916,1767225701058,False,True
3800398276,87669.56,0.003,5723705917,5723705917,1767225701058,False,True
3800398277,87669.62,0.00018,5723705918,5723705920,1767225701058,False,True
3800398278,87670.0,0.00118,5723705921,5723705924,1767225701058,False,True
3800398279,87670.12,6e-05,5723705925,5723705925,1767225701058,False,True
3800398280,87670.13,0.0003,5723705926,5723705930,1767225701058,False,True
3800398281,87670.5,0.0003,5723705931,5723705935,1767225701058,False,True
3800398282,87671.3,0.00011,5723705936,5723705936,1767225701058,False,True
3800398283,87671.46,7e-05,5723705937,5723705937,1767225701058,False,True
3800398284,87671.51,0.01798,5723705938,5723705938,1767225701058,False,True
3800398285,87671.51,0.03254,5723705939,5723705941,1767225701059,False,True
3800398286,87671.52,0.00018,5723705942,5723705944,1767225701059,False,True
3800398287,87671.77,6e-05,5723705945,5723705945,1767225701059,False,True
3800398288,87672.0,0.00198,5723705946,5723705950,1767225701059,False,True
3800398289,87672.27,6e-05,5723705951,5723705951,1767225701064,False,True
3800398290,87672.55,0.00318,5723705952,5723705955,1767225701064,False,True
3800398291,87672.69,0.00024,5723705956,5723705959,1767225701068,False,True
3800398292,87672.77,9e-05,5723705960,5723705960,1767225701068,False,True
3800398293,87672.85,6e-05,5723705961,5723705961,1767225701068,False,True
3800398294,87672.86,0.0003,5723705962,5723705966,1767225701068,False,True
3800398295,87673.05,0.00018,5723705967,5723705969,1767225701068,False,True
3800398296,87673.06,0.0003,5723705970,5723705974,1767225701068,False,True
3800398297,87673.31,0.00018,5723705975,5723705977,1767225701068,False,True
3800398298,87673.32,0.0003,5723705978,5723705982,1767225701068,False,True
3800398299,87673.71,6e-05,5723705983,5723705983,1767225701068,False,True
3800398300,87674.0,0.0021,5723705984,5723705990,1767225701068,False,True
3800398301,87674.19,0.00018,5723705991,5723705993,1767225701068,False,True
3800398302,87674.2,0.00018,5723705994,5723705996,1767225701068,False,True
3800398303,87674.29,0.00131,5723705997,5723705997,1767225701068,False,True
3800398304,87674.29,0.00224,5723705998,5723705998,1767225701070,False,True
3800398305,87674.29,0.00415,5723705999,5723705999,1767225701071,False,True
3800398306,87674.29,0.00824,5723706000,5723706029,1767225701110,False,True
3800398307,87674.29,0.01369,5723706030,5723706030,1767225701118,False,True
3800398308,87674.28,0.00496,5723706031,5723706031,1767225701406,True,True
3800398309,87674.28,0.1,5723706032,5723706032,1767225701522,True,True
3800398310,87674.29,0.0053,5723706033,5723706048,1767225701573,False,True
3800398311,87674.28,0.1,5723706049,5723706049,1767225701772,True,True
3800398312,87674.28,0.00011,5723706050,5723706050,1767225703032,True,True
3800398313,87674.28,0.00944,5723706051,5723706051,1767225703420,True,True
3800398314,87674.29,0.35786,5723706052,5723706076,1767225703466,False,True
3800398315,87674.3,0.00123,5723706077,5723706096,1767225703466,False,True
3800398316,87674.39,7e-05,5723706097,5723706097,1767225703466,False,True
3800398317,87674.48,7e-05,5723706098,5723706098,1767225703466,False,True
3800398318,87674.53,0.00018,5723706099,5723706101,1767225703466,False,True
3800398319,87674.79,6e-05,5723706102,5723706102,1767225703466,False,True
3800398320,87674.82,0.00018,5723706103,5723706105,1767225703466,False,True
3800398321,87674.83,0.00481,5723706106,5723706111,1767225703466,False,True
3800398322,87676.0,0.0018,5723706112,5723706113,1767225703466,False,True
3800398323,87676.06,0.00223,5723706114,5723706114,1767225703466,False,True
3800398324,87676.06,0.00036,5723706115,5723706115,1767225703466,False,True
3800398325,87676.67,6e-05,5723706116,5723706116,1767225703468,False,True
3800398326,87677.08,6e-05,5723706117,5723706117,1767225703468,False,True
3800398327,87677.32,7e-05,5723706118,5723706118,1767225703468,False,True
3800398328,87677.45,0.00018,5723706119,5723706121,1767225703468,False,True
3800398329,87678.0,0.00189,5723706122,5723706124,1767225703468,False,True
3800398330,87678.33,0.00018,5723706125,5723706127,1767225703468,False,True
3800398331,87678.66,0.00018,5723706128,5723706130,1767225703468,False,True
3800398332,87678.67,0.12761,5723706131,5723706137,1767225703468,False,True
3800398333,87679.44,0.00018,5723706138,5723706140,1767225703468,False,True
3800398334,87679.45,0.01152,5723706141,5723706143,1767225703468,False,True
3800398335,87679.99,0.00036,5723706144,5723706149,1767225703468,False,True
3800398336,87680.0,0.02497,5723706150,5723706158,1767225703468,False,True
3800398337,87680.03,0.00018,5723706159,5723706161,1767225703468,False,True
3800398338,87680.04,0.00036,5723706162,5723706167,1767225703468,False,True
3800398339,87680.05,0.37704,5723706168,5723706170,1767225703468,False,True
3800398340,87680.14,0.00057,5723706171,5723706171,1767225703469,False,True
3800398341,87680.25,7e-05,5723706172,5723706172,1767225703469,False,True
3800398342,87680.42,0.00046,5723706173,5723706173,1767225703469,False,True
3800398343,87681.19,0.00018,5723706174,5723706176,1767225703469,False,True
3800398344,87681.47,6e-05,5723706177,5723706177,1767225703469,False,True
3800398345,87682.0,0.00198,5723706178,5723706182,1767225703469,False,True
3800398346,87682.52,0.00444,5723706183,5723706203,1767225703478,False,True
3800398347,87682.53,0.00081,5723706204,5723706216,1767225703478,False,True
3800398348,87682.54,9e-05,5723706217,5723706217,1767225703478,False,True
3800398349,87682.71,7e-05,5723706218,5723706218,1767225703478,False,True
3800398350,87682.98,0.00012,5723706219,5723706219,1767225703478,False,True
3800398351,87683.0,6e-05,5723706220,5723706220,1767225703478,False,True
3800398352,87683.04,0.00018,5723706221,5723706223,1767225703478,False,True
3800398353,87683.05,0.00014,5723706224,5723706224,1767225703478,False,True
3800398354,87683.05,0.00415,5723706225,5723706225,1767225703478,False,True
3800398355,87683.05,0.0003,5723706226,5723706230,1767225703481,False,True
3800398356,87683.18,7e-05,5723706231,5723706231,1767225703481,False,True
3800398357,87683.27,0.00018,5723706232,5723706234,1767225703481,False,True
3800398358,87684.0,0.00092,5723706235,5723706235,1767225703481,False,True
3800398359,87684.0,0.00619,5723706236,5723706238,1767225703490,False,True
3800398360,87684.0,0.00967,5723706239,5723706239,1767225703490,False,True
3800398361,87684.0,0.00064,5723706240,5723706248,1767225703538,False,True
3800398362,87684.0,0.00096,5723706249,5723706253,1767225703539,False,True
3800398363,87684.0,0.01035,5723706254,5723706263,1767225703544,False,True
3800398364,87683.99,0.00113,5723706264,5723706264,1767225704730,True,True
3800398365,87684.0,0.015,5723706265,5723706265,1767225705524,False,True
3800398366,87684.0,0.00511,5723706266,5723706286,1767225705740,False,True
3800398367,87684.0,0.00343,5723706287,5723706287,1767225706119,False,True
3800398368,87684.0,0.015,5723706288,5723706305,1767225706368,False,True
3800398369,87684.0,0.00157,5723706306,5723706308,1767225706368,False,True
3800398370,87684.01,0.00105,5723706309,5723706325,1767225706368,False,True
3800398371,87684.5,0.0018,5723706326,5723706351,1767225706381,False,True
3800398372,87684.51,0.00108,5723706352,5723706369,1767225706381,False,True
3800398373,87684.7,0.00018,5723706370,5723706372,1767225706381,False,True
3800398374,87684.76,6e-05,5723706373,5723706373,1767225706381,False,True
3800398375,87684.81,0.0021,5723706374,5723706378,1767225706381,False,True
3800398376,87685.17,0.00018,5723706379,5723706381,1767225706381,False,True
3800398377,87685.18,0.00698,5723706382,5723706382,1767225706381,False,True
3800398378,87685.18,0.00472,5723706383,5723706387,1767225706384,False,True
3800398379,87685.86,6e-05,5723706388,5723706388,1767225706384,False,True
3800398380,87686.0,0.0018,5723706389,5723706390,1767225706384,False,True
3800398381,87686.02,6e-05,5723706391,5723706391,1767225706384,False,True
3800398382,87686.11,7e-05,5723706392,5723706392,1767225706384,False,True
3800398383,87686.52,6e-05,5723706393,5723706393,1767225706384,False,True
3800398384,87686.78,0.00036,5723706394,5723706399,1767225706384,False,True
3800398385,87686.79,0.00787,5723706400,5723706400,1767225706384,False,True
3800398386,87686.79,0.015,5723706401,5723706401,1767225706393,False,True
3800398387,87686.79,0.01964,5723706402,5723706402,1767225706394,False,True
3800398388,87686.79,0.015,5723706403,5723706403,1767225706403,False,True
3800398389,87686.79,0.015,5723706404,5723706404,1767225706413,False,True
3800398390,87686.78,0.0037,5723706405,5723706405,1767225706438,True,True
3800398391,87686.79,0.002,5723706406,5723706406,1767225706874,False,True
3800398392,87686.78,0.0012,5723706407,5723706407,1767225706935,True,True
3800398393,87686.78,0.0012,5723706408,5723706408,1767225706935,True,True
3800398394,87686.78,0.00047,5723706409,5723706409,1767225706939,True,True
3800398395,87686.78,0.00205,5723706410,5723706410,1767225707003,True,True
3800398396,87686.79,0.00228,5723706411,5723706411,1767225707030,False,True
3800398397,87686.79,0.00246,5723706412,5723706412,1767225707654,False,True
3800398398,87686.78,7e-05,5723706413,5723706413,1767225707789,True,True
3800398399,87686.79,6e-05,5723706414,5723706414,1767225708348,False,True
3800398400,87686.78,7e-05,5723706415,5723706415,1767225708884,True,True
3800398401,87686.78,0.00781,5723706416,5723706417,1767225709382,True,True
3800398402,87686.78,6e-05,5723706418,5723706418,1767225709538,True,True
3800398403,87686.78,0.00021,5723706419,5723706419,1767225709600,True,True
3800398404,87686.78,0.00011,5723706420,5723706420,1767225709861,True,True
3800398405,87686.79,0.00133,5723706421,5723706421,1767225710637,False,True
3800398406,87686.79,0.00135,5723706422,5723706422,1767225711334,False,True
3800398407,87686.79,0.00125,5723706423,5723706423,1767225711498,False,True
3800398408,87686.79,0.00073,5723706424,5723706424,1767225712251,False,True
3800398409,87686.79,0.00011,5723706425,5723706425,1767225712523,False,True
3800398410,87686.78,0.0005,5723706426,5723706426,1767225713335,True,True
3800398411,87686.78,0.00405,5723706427,5723706427,1767225713428,True,True
3800398412,87686.78,0.00125,5723706428,5723706428,1767225715434,True,True
3800398413,87686.79,0.00134,5723706429,5723706429,1767225715641,False,True
3800398414,87686.79,0.00022,5723706430,5723706430,1767225716210,False,True
3800398415,87686.79,0.00028,5723706431,5723706431,1767225716264,False,True
3800398416,87686.79,0.01953,5723706432,5723706446,1767225716536,False,True
3800398417,87686.78,0.0001,5723706447,5723706447,1767225717175,True,True
3800398418,87686.79,0.03964,5723706448,5723706454,1767225717999,False,True
3800398419,87686.78,0.07291,5723706455,5723706455,1767225720739,True,True
3800398420,87686.79,0.00057,5723706456,5723706456,1767225720789,False,True
3800398421,87686.79,0.00094,5723706457,5723706457,1767225720985,False,True
3800398422,87686.79,0.00012,5723706458,5723706458,1767225721288,False,True
3800398423,87686.79,0.0396,5723706459,5723706459,1767225722000,False,True
3800398424,87686.79,0.01371,5723706460,5723706460,1767225722238,False,True
3800398425,87686.79,0.0001,5723706461,5723706461,1767225722279,False,True
3800398426,87686.78,0.00028,5723706462,5723706462,1767225722482,True,True
3800398427,87686.78,0.00649,5723706463,5723706463,1767225722483,True,True
3800398428,87686.78,0.00285,5723706464,5723706464,1767225722483,True,True
3800398429,87686.79,0.0003,5723706465,5723706465,1767225722507,False,True
3800398430,87686.79,0.00031,5723706466,5723706466,1767225722508,False,True
3800398431,87686.79,0.0002,5723706467,5723706467,1767225722580,False,True
3800398432,87686.78,0.00574,5723706468,5723706468,1767225722821,True,True
3800398433,87686.78,0.00178,5723706469,5723706469,1767225722881,True,True
3800398434,87686.78,0.20785,5723706470,5723706493,1767225722901,True,True
3800398435,87686.78,0.11644,5723706494,5723706500,1767225722903,True,True
3800398436,87686.78,0.11505,5723706501,5723706510,1767225722908,True,True
3800398437,87686.78,0.11426,5723706511,5723706542,1767225722913,True,True
3800398438,87686.78,0.01,5723706543,5723706543,1767225722917,True,True
3800398439,87686.78,0.00545,5723706544,5723706544,1767225722957,True,True
3800398440,87686.78,0.00322,5723706545,5723706546,1767225722974,True,True
3800398441,87686.78,0.11439,5723706547,5723706563,1767225722975,True,True
3800398442,87686.78,0.00122,5723706564,5723706564,1767225722980,True,True
3800398443,87686.78,0.11404,5723706565,5723706581,1767225722982,True,True
3800398444,87686.78,0.01095,5723706582,5723706583,1767225723009,True,True
3800398445,87686.78,0.00569,5723706584,5723706584,1767225723021,True,True
3800398446,87686.78,0.01059,5723706585,5723706585,1767225723085,True,True
3800398447,87686.78,0.00131,5723706586,5723706586,1767225723183,True,True
3800398448,87686.78,0.20785,5723706587,5723706611,1767225723852,True,True
3800398449,87686.79,6e-05,5723706612,5723706612,1767225724028,False,True
3800398450,87686.78,0.20785,5723706613,5723706634,1767225724852,True,True
3800398451,87686.78,0.00123,5723706635,5723706635,1767225725831,True,True
3800398452,87686.78,0.20785,5723706636,5723706640,1767225725852,True,True
3800398453,87686.79,0.00303,5723706641,5723706641,1767225726211,False,True
3800398454,87686.79,0.00358,5723706642,5723706642,1767225726967,False,True
3800398455,87686.78,0.00786,5723706643,5723706643,1767225727043,True,True
3800398456,87686.78,7e-05,5723706644,5723706644,1767225727295,True,True
3800398457,87686.78,0.0001,5723706645,5723706645,1767225728073,True,True
3800398458,87686.78,0.00012,5723706646,5723706646,1767225728728,True,True
3800398459,87686.78,0.00091,5723706647,5723706647,1767225728764,True,True
3800398460,87686.78,0.00416,5723706648,5723706659,1767225729428,True,True
3800398461,87686.78,0.00182,5723706660,5723706660,1767225729430,True,True
3800398462,87686.78,0.01235,5723706661,5723706661,1767225729478,True,True
3800398463,87686.78,0.00117,5723706662,5723706662,1767225729646,True,True
3800398464,87686.78,0.01223,5723706663,5723706663,1767225729648,True,True
3800398465,87686.78,0.00289,5723706664,5723706664,1767225730058,True,True
3800398466,87686.78,0.05043,5723706665,5723706681,1767225730784,True,True
3800398467,87686.77,0.01774,5723706682,5723706692,1767225730786,True,True
3800398468,87686.77,0.00132,5723706693,5723706709,1767225730789,True,True
3800398469,87686.77,0.0038,5723706710,5723706710,1767225731300,False,True
3800398470,87686.76,0.00167,5723706711,5723706714,1767225731408,True,True
3800398471,87686.76,0.00188,5723706715,5723706739,1767225731468,True,True
3800398472,87686.75,0.00063,5723706740,5723706748,1767225731468,True,True
3800398473,87686.71,0.00894,5723706749,5723706749,1767225731468,True,True
3800398474,87686.71,0.02902,5723706750,5723706750,1767225731469,True,True
3800398475,87686.53,6e-05,5723706751,5723706751,1767225731469,True,True
3800398476,87685.93,0.00128,5723706752,5723706755,1767225731469,True,True
3800398477,87685.86,6e-05,5723706756,5723706756,1767225731469,True,True
3800398478,87685.65,6e-05,5723706757,5723706757,1767225731469,True,True
3800398479,87685.0,0.00054,5723706758,5723706759,1767225731469,True,True
3800398480,87684.77,6e-05,5723706760,5723706760,1767225731469,True,True
3800398481,87684.67,6e-05,5723706761,5723706761,1767225731469,True,True
3800398482,87685.0,0.00018,5723706762,5723706763,1767225731471,True,True
3800398483,87684.67,0.0003,5723706764,5723706768,1767225731471,True,True
3800398484,87684.66,0.00024,5723706769,5723706772,1767225731471,True,True
3800398485,87684.2,0.00111,5723706773,5723706787,1767225731472,True,True
3800398486,87684.19,0.17356,5723706788,5723706809,1767225731476,True,True
3800398487,87684.18,0.00024,5723706810,5723706813,1767225731476,True,True
3800398488,87684.17,6e-05,5723706814,5723706814,1767225731476,True,True
3800398489,87683.99,0.00213,5723706815,5723706815,1767225731476,True,True
3800398490,87683.99,0.00176,5723706816,5723706829,1767225731479,True,True
3800398491,87683.98,0.0003,5723706830,5723706834,1767225731479,True,True
3800398492,87683.67,6e-05,5723706835,5723706835,1767225731479,True,True
3800398493,87683.32,0.00018,5723706836,5723706838,1767225731479,True,True
3800398494,87683.31,0.00102,5723706839,5723706851,1767225731499,True,True
3800398495,87683.3,0.00036,5723706852,5723706857,1767225731499,True,True
3800398496,87683.17,6e-05,5723706858,5723706858,1767225731499,True,True
3800398497,87682.45,0.00018,5723706859,5723706861,1767225731499,True,True
3800398498,87682.44,0.00294,5723706862,5723706862,1767225731499,True,True
3800398499,87682.44,0.00357,5723706863,5723706863,1767225731499,True,True
3800398500,87682.44,0.0171,5723706864,5723706864,1767225731501,True,True
3800398501,87682.44,0.01368,5723706865,5723706868,1767225731501,True,True
3800398502,87682.44,0.00049,5723706869,5723706874,1767225731501,True,True
3800398503,87682.43,0.00012,5723706875,5723706876,1767225731501,True,True
3800398504,87682.41,0.01307,5723706877,5723706877,1767225731501,True,True
3800398505,87682.41,0.00684,5723706878,5723706878,1767225731501,True,True
3800398506,87682.44,6e-05,5723706879,5723706879,1767225731501,True,True
3800398507,87682.43,6e-05,5723706880,5723706880,1767225731501,True,True
3800398508,87682.41,0.00075,5723706881,5723706881,1767225731501,True,True
3800398509,87681.47,6e-05,5723706882,5723706882,1767225731501,True,True
3800398510,87680.65,0.00073,5723706883,5723706886,1767225731501,True,True
3800398511,87680.49,0.00118,5723706887,5723706887,1767225731501,True,True
3800398512,87680.25,7e-05,5723706888,5723706888,1767225731501,True,True
3800398513,87680.0,6e-05,5723706889,5723706889,1767225731501,True,True
3800398514,87679.3,0.00387,5723706890,5723706890,1767225731501,True,True
3800398515,87679.3,0.01368,5723706891,5723706891,1767225731501,True,True
3800398516,87679.3,0.00105,5723706892,5723706905,1767225731504,True,True
3800398517,87679.29,0.00099,5723706906,5723706920,1767225731504,True,True
3800398518,87679.28,0.00092,5723706921,5723706928,1767225731504,True,True
3800398519,87679.28,0.00022,5723706929,5723706932,1767225731878,True,True
3800398520,87679.29,0.00034,5723706933,5723706933,1767225732223,False,True
3800398521,87679.28,0.00041,5723706934,5723706940,1767225732364,True,True
3800398522,87679.29,0.0003,5723706941,5723706941,1767225732475,False,True
3800398523,87679.28,0.00113,5723706942,5723706943,1767225732487,True,True
3800398524,87679.28,0.00649,5723706944,5723706944,1767225732487,True,True
3800398525,87679.28,0.00284,5723706945,5723706945,1767225732488,True,True
3800398526,87679.28,0.00112,5723706946,5723706946,1767225732488,True,True
3800398527,87679.28,0.00112,5723706947,5723706947,1767225732488,True,True
3800398528,87679.28,0.00112,5723706948,5723706948,1767225732488,True,True
3800398529,87679.28,0.00112,5723706949,5723706949,1767225732488,True,True
3800398530,87679.28,0.00112,5723706950,5723706950,1767225732488,True,True
3800398531,87679.28,0.00649,5723706951,5723706951,1767225732490,True,True
3800398532,87679.28,0.00169,5723706952,5723706952,1767225733105,True,True
3800398533,87679.29,9e-05,5723706953,5723706953,1767225733417,False,True
3800398534,87679.29,0.02855,5723706954,5723706954,1767225734295,False,True
3800398535,87679.29,0.0001,5723706955,5723706955,1767225734440,False,True
3800398536,87679.28,0.02855,5723706956,5723706956,1767225734486,True,True
3800398537,87679.29,0.00108,5723706957,5723706957,1767225735108,False,True
3800398538,87679.28,0.00291,5723706958,5723706958,1767225735204,True,True
3800398539,87679.29,0.00057,5723706959,5723706959,1767225735545,False,True
3800398540,87679.28,0.00025,5723706960,5723706960,1767225736066,True,True
3800398541,87679.29,6e-05,5723706961,5723706961,1767225737093,False,True
3800398542,87679.28,0.02397,5723706962,5723706962,1767225737168,True,True
3800398543,87679.28,0.0008,5723706963,5723706963,1767225737293,True,True
3800398544,87679.29,0.00016,5723706964,5723706964,1767225737605,False,True
3800398545,87679.29,0.00154,5723706965,5723706965,1767225737751,False,True
3800398546,87679.29,0.08733,5723706966,5723706967,1767225738876,False,True
3800398547,87679.28,0.00057,5723706968,5723706968,1767225739035,True,True
3800398548,87679.29,0.00014,5723706969,5723706969,1767225739136,False,True
3800398549,87679.28,0.00019,5723706970,5723706970,1767225739307,True,True
3800398550,87679.28,0.0001,5723706971,5723706971,1767225739361,True,True
3800398551,87679.29,0.00014,5723706972,5723706972,1767225739846,False,True
3800398552,87679.29,0.00012,5723706973,5723706973,1767225740238,False,True
3800398553,87679.29,0.00029,5723706974,5723706974,1767225740259,False,True
3800398554,87679.29,0.0003,5723706975,5723706975,1767225740749,False,True
3800398555,87679.29,0.0003,5723706976,5723706976,1767225740749,False,True
3800398556,87679.29,0.00011,5723706977,5723706977,1767225740856,False,True
3800398557,87679.29,0.00016,5723706978,5723706978,1767225740876,False,True
3800398558,87679.28,0.07292,5723706979,5723706985,1767225740883,True,True
3800398559,87679.29,0.00077,5723706986,5723706986,1767225741706,False,True
3800398560,87679.29,0.00142,5723706987,5723706987,1767225742452,False,True
3800398561,87679.29,0.0003,5723706988,5723706988,1767225742487,False,True
3800398562,87679.29,0.00058,5723706989,5723706989,1767225742797,False,True
3800398563,87679.29,5e-05,5723706990,5723706990,1767225742829,False,True
3800398564,87679.29,0.00062,5723706991,5723706991,1767225742940,False,True
3800398565,87679.28,0.00011,5723706992,5723706993,1767225744076,True,True
3800398566,87679.29,0.0001,5723706994,5723706994,1767225744294,False,True
3800398567,87679.28,0.02603,5723706995,5723707008,1767225744458,True,True
3800398568,87679.29,0.00054,5723707009,5723707009,1767225745043,False,True
3800398569,87679.29,7e-05,5723707010,5723707010,1767225745273,False,True
3800398570,87679.29,0.00011,5723707011,5723707011,1767225745843,False,True
3800398571,87679.29,0.00023,5723707012,5723707012,1767225746336,False,True
3800398572,87679.29,0.00015,5723707013,5723707013,1767225747035,False,True
3800398573,87679.29,0.00021,5723707014,5723707014,1767225747470,False,True
3800398574,87679.29,8e-05,5723707015,5723707015,1767225747623,False,True
3800398575,87679.29,0.00021,5723707016,5723707016,1767225747629,False,True
3800398576,87679.29,0.00012,5723707017,5723707017,1767225748087,False,True
3800398577,87679.29,1.04581,5723707018,5723707088,1767225748166,False,True
3800398578,87679.3,0.09471,5723707089,5723707111,1767225748166,False,True
3800398579,87679.29,0.00012,5723707112,5723707112,1767225748533,True,True
3800398580,87679.3,0.00034,5723707113,5723707118,1767225748604,False,True
3800398581,87679.3,0.00115,5723707119,5723707134,1767225748760,False,True
3800398582,87679.3,0.00012,5723707135,5723707136,1767225748787,False,True
3800398583,87679.29,0.001,5723707137,5723707137,1767225748990,True,True
3800398584,87679.3,8e-05,5723707138,5723707138,1767225749002,False,True
3800398585,87679.3,0.00012,5723707139,5723707139,1767225749170,False,True
3800398586,87679.29,0.00237,5723707140,5723707140,1767225749486,True,True
3800398587,87679.29,0.00061,5723707141,5723707141,1767225749603,True,True
3800398588,87679.3,0.00012,5723707142,5723707142,1767225749907,False,True
3800398589,87679.3,0.00014,5723707143,5723707143,1767225749944,False,True
3800398590,87679.29,0.0001,5723707144,5723707144,1767225749951,True,True
3800398591,87679.3,8e-05,5723707145,5723707145,1767225750111,False,True
3800398592,87679.3,0.00115,5723707146,5723707146,1767225750272,False,True
3800398593,87679.3,0.00435,5723707147,5723707147,1767225751450,False,True
3800398594,87679.3,0.0001,5723707148,5723707148,1767225751764,False,True
3800398595,87679.3,0.00015,5723707149,5723707149,1767225752329,False,True
3800398596,87679.3,7e-05,5723707150,5723707150,1767225753021,False,True
3800398597,87679.3,0.0003,5723707151,5723707151,1767225753438,False,True
3800398598,87679.3,0.00031,5723707152,5723707152,1767225753438,False,True
3800398599,87679.3,0.00032,5723707153,5723707153,1767225753440,False,True
3800398600,87679.3,0.00029,5723707154,5723707154,1767225753441,False,True
3800398601,87679.3,0.00062,5723707155,5723707155,1767225753442,False,True
3800398602,87679.3,0.00062,5723707156,5723707156,1767225753473,False,True
3800398603,87679.3,0.00062,5723707157,5723707157,1767225753474,False,True
3800398604,87679.3,0.00036,5723707158,5723707158,1767225753476,False,True
3800398605,87679.29,0.00435,5723707159,5723707159,1767225754465,True,True
3800398606,87679.3,0.0001,5723707160,5723707160,1767225754705,False,True
3800398607,87679.3,0.00012,5723707161,5723707161,1767225754740,False,True
3800398608,87679.3,0.09811,5723707162,5723707212,1767225755316,False,True
3800398609,87679.31,0.01305,5723707213,5723707239,1767225755316,False,True
3800398610,87679.53,0.00045,5723707240,5723707245,1767225755316,False,True
3800398611,87679.69,0.00018,5723707246,5723707248,1767225755316,False,True
3800398612,87679.81,6e-05,5723707249,5723707249,1767225755316,False,True
3800398613,87680.0,6e-05,5723707250,5723707250,1767225755316,False,True
3800398614,87680.37,0.00012,5723707251,5723707252,1767225755316,False,True
3800398615,87680.38,6e-05,5723707253,5723707253,1767225755316,False,True
3800398616,87680.68,0.00021,5723707254,5723707256,1767225755316,False,True
3800398617,87680.74,0.00012,5723707257,5723707258,1767225755316,False,True
3800398618,87681.02,0.00012,5723707259,5723707260,1767225755316,False,True
3800398619,87681.25,6e-05,5723707261,5723707261,1767225755316,False,True
3800398620,87681.47,6e-05,5723707262,5723707262,1767225755316,False,True
3800398621,87682.81,6e-05,5723707263,5723707263,1767225755316,False,True
3800398622,87682.91,0.00018,5723707264,5723707266,1767225755316,False,True
3800398623,87682.92,0.00108,5723707267,5723707269,1767225755606,False,True
3800398624,87682.92,0.00054,5723707270,5723707270,1767225756440,False,True
3800398625,87682.92,0.00435,5723707271,5723707271,1767225756929,False,True
3800398626,87682.92,0.00038,5723707272,5723707272,1767225757615,False,True
3800398627,87682.91,0.00104,5723707273,5723707273,1767225757676,True,True
3800398628,87682.92,0.0003,5723707274,5723707274,1767225758143,False,True
3800398629,87682.92,0.0015,5723707275,5723707275,1767225758310,False,True
3800398630,87682.91,0.00029,5723707276,5723707276,1767225759123,True,True
3800398631,87682.91,0.0001,5723707277,5723707277,1767225759698,True,True
3800398632,87682.91,0.00435,5723707278,5723707278,1767225760159,True,True
3800398633,87682.92,0.0076,5723707279,5723707314,1767225760223,False,True
3800398634,87682.91,0.00113,5723707315,5723707315,1767225760481,True,True
3800398635,87682.91,0.00684,5723707316,5723707316,1767225760481,True,True
3800398636,87682.91,0.00112,5723707317,5723707317,1767225760482,True,True
3800398637,87682.91,0.00112,5723707318,5723707318,1767225760482,True,True
3800398638,87682.91,0.00112,5723707319,5723707319,1767225760483,True,True
3800398639,87682.91,0.00112,5723707320,5723707320,1767225760483,True,True
3800398640,87682.91,0.00112,5723707321,5723707321,1767225760483,True,True
3800398641,87682.92,0.00103,5723707322,5723707322,1767225760504,False,True
3800398642,87682.91,0.00057,5723707323,5723707323,1767225760974,True,True
3800398643,87682.92,0.0007,5723707324,5723707324,1767225761181,False,True
3800398644,87682.91,0.00551,5723707325,5723707325,1767225761238,True,True
3800398645,87682.92,0.00062,5723707326,5723707326,1767225762100,False,True
3800398646,87682.91,0.00281,5723707327,5723707327,1767225762264,True,True
3800398647,87682.91,0.00114,5723707328,5723707328,1767225762267,True,True
3800398648,87682.91,0.00078,5723707329,5723707329,1767225762269,True,True
3800398649,87682.91,0.02956,5723707330,5723707330,1767225762412,True,True
3800398650,87682.92,0.00031,5723707331,5723707331,1767225762490,False,True
3800398651,87682.92,0.00029,5723707332,5723707332,1767225762490,False,True
3800398652,87682.92,0.00061,5723707333,5723707333,1767225762493,False,True
3800398653,87682.92,0.00061,5723707334,5723707334,1767225762496,False,True
3800398654,87682.92,0.00061,5723707335,5723707335,1767225762498,False,True
3800398655,87682.92,0.00227,5723707336,5723707336,1767225762561,False,True
3800398656,87682.91,0.00012,5723707337,5723707337,1767225763243,True,True
3800398657,87682.91,0.00082,5723707338,5723707338,1767225763846,True,True
3800398658,87682.91,0.01116,5723707339,5723707339,1767225763849,True,True
3800398659,87682.91,0.00033,5723707340,5723707340,1767225765255,True,True
3800398660,87682.92,0.0001,5723707341,5723707341,1767225765322,False,True
3800398661,87682.92,0.00031,5723707342,5723707342,1767225765688,False,True
3800398662,87682.92,0.00029,5723707343,5723707343,1767225765688,False,True
3800398663,87682.92,0.00031,5723707344,5723707344,1767225765688,False,True
3800398664,87682.92,0.00029,5723707345,5723707345,1767225765689,False,True
3800398665,87682.92,0.00031,5723707346,5723707346,1767225765769,False,True
3800398666,87682.92,0.00029,5723707347,5723707347,1767225766081,False,True
3800398667,87682.92,0.00029,5723707348,5723707348,1767225766082,False,True
3800398668,87682.91,0.00349,5723707349,5723707349,1767225766252,True,True
3800398669,87682.92,0.00011,5723707350,5723707350,1767225766502,False,True
3800398670,87682.91,0.00919,5723707351,5723707351,1767225767136,True,True
3800398671,87682.92,0.00435,5723707352,5723707352,1767225767622,False,True
3800398672,87682.91,0.03088,5723707353,5723707353,1767225768097,True,True
3800398673,87682.92,8e-05,5723707354,5723707354,1767225768289,False,True
3800398674,87682.92,0.01012,5723707355,5723707355,1767225768438,False,True
3800398675,87682.92,6e-05,5723707356,5723707356,1767225768461,False,True
3800398676,87682.92,0.00088,5723707357,5723707357,1767225768555,False,True
3800398677,87682.91,6e-05,5723707358,5723707358,1767225769631,True,True
3800398678,87682.92,0.01521,5723707359,5723707359,1767225769798,False,True
3800398679,87682.91,0.00021,5723707360,5723707360,1767225770329,True,True
3800398680,87682.91,0.0001,5723707361,5723707361,1767225770510,True,True
3800398681,87682.91,0.0001,5723707362,5723707362,1767225770852,True,True
3800398682,87682.92,0.00133,5723707363,5723707363,1767225770859,False,True
3800398683,87682.91,0.00434,5723707364,5723707364,1767225771254,True,True
3800398684,87682.91,0.00655,5723707365,5723707365,1767225771407,True,True
3800398685,87682.92,0.00362,5723707366,5723707366,1767225772901,False,True
3800398686,87682.92,0.00025,5723707367,5723707367,1767225772938,False,True
3800398687,87682.91,0.00386,5723707368,5723707368,1767225774194,True,True
3800398688,87682.91,0.0002,5723707369,5723707369,1767225774282,True,True
3800398689,87682.91,0.00078,5723707370,5723707370,1767225774374,True,True
3800398690,87682.91,0.00012,5723707371,5723707371,1767225774694,True,True
3800398691,87682.92,5e-05,5723707372,5723707372,1767225774703,False,True
3800398692,87682.92,0.0013,5723707373,5723707373,1767225775257,False,True
3800398693,87682.91,0.0002,5723707374,5723707374,1767225775358,True,True
3800398694,87682.91,0.00805,5723707375,5723707375,1767225775536,True,True
3800398695,87682.91,0.00684,5723707376,5723707376,1767225775536,True,True
3800398696,87682.91,0.0171,5723707377,5723707377,1767225775536,True,True
3800398697,87682.91,0.01368,5723707378,5723707378,1767225775537,True,True
3800398698,87682.91,0.00684,5723707379,5723707379,1767225775537,True,True
3800398699,87682.91,0.00456,5723707380,5723707380,1767225775537,True,True
3800398700,87682.92,0.00054,5723707381,5723707381,1767225775758,False,True
3800398701,87682.91,0.00204,5723707382,5723707382,1767225775944,True,True
3800398702,87682.91,0.00067,5723707383,5723707383,1767225776314,True,True
3800398703,87682.92,0.0001,5723707384,5723707384,1767225776317,False,True
3800398704,87682.92,0.0001,5723707385,5723707385,1767225776812,False,True
3800398705,87682.92,0.00131,5723707386,5723707386,1767225776868,False,True
3800398706,87682.91,0.20785,5723707387,5723707389,1767225777386,True,True
3800398707,87682.92,0.00434,5723707390,5723707390,1767225777512,False,True
3800398708,87682.91,0.00165,5723707391,5723707391,1767225777936,True,True
3800398709,87682.91,0.00435,5723707392,5723707392,1767225779580,True,True
3800398710,87682.91,0.0001,5723707393,5723707393,1767225780022,True,True
3800398711,87682.92,0.00082,5723707394,5723707394,1767225780758,False,True
3800398712,87682.92,0.00057,5723707395,5723707395,1767225781363,False,True
3800398713,87682.91,0.0001,5723707396,5723707396,1767225781732,True,True
3800398714,87682.92,0.00025,5723707397,5723707397,1767225782005,False,True
3800398715,87682.91,0.00217,5723707398,5723707398,1767225782025,True,True
3800398716,87682.92,0.00011,5723707399,5723707399,1767225782969,False,True
3800398717,87682.92,0.0001,5723707400,5723707400,1767225784612,False,True
3800398718,87682.92,0.00072,5723707401,5723707401,1767225784700,False,True
3800398719,87682.91,0.01119,5723707402,5723707402,1767225785823,True,True
3800398720,87682.91,0.00027,5723707403,5723707403,1767225786258,True,True
3800398721,87682.92,0.0001,5723707404,5723707404,1767225786639,False,True
3800398722,87682.92,0.00012,5723707405,5723707405,1767225786712,False,True
3800398723,87682.91,0.0013,5723707406,5723707406,1767225787315,True,True
3800398724,87682.91,0.00144,5723707407,5723707407,1767225787974,True,True
3800398725,87682.91,0.00017,5723707408,5723707408,1767225788025,True,True
3800398726,87682.91,0.00218,5723707409,5723707409,1767225788108,True,True
3800398727,87682.91,0.00097,5723707410,5723707410,1767225788115,True,True
3800398728,87682.91,0.0001,5723707411,5723707411,1767225788540,True,True
3800398729,87682.91,0.0001,5723707412,5723707412,1767225789126,True,True
3800398730,87682.91,0.00019,5723707413,5723707413,1767225790800,True,True
3800398731,87682.92,7e-05,5723707414,5723707414,1767225790834,False,True
3800398732,87682.91,0.0001,5723707415,5723707415,1767225791245,True,True
3800398733,87682.92,0.0038,5723707416,5723707416,1767225791314,False,True
3800398734,87682.91,0.00012,5723707417,5723707417,1767225791773,True,True
3800398735,87682.91,6e-05,5723707418,5723707418,1767225791793,True,True
3800398736,87682.91,0.00116,5723707419,5723707419,1767225791885,True,True
3800398737,87682.91,0.00028,5723707420,5723707420,1767225792245,True,True
3800398738,87682.91,0.00291,5723707421,5723707421,1767225792246,True,True
3800398739,87682.91,0.00285,5723707422,5723707422,1767225792246,True,True
3800398740,87682.91,0.00057,5723707423,5723707423,1767225792264,True,True
3800398741,87682.92,0.0001,5723707424,5723707424,1767225792760,False,True
3800398742,87682.92,0.0001,5723707425,5723707425,1767225792773,False,True
3800398743,87682.91,0.00016,5723707426,5723707426,1767225792809,True,True
3800398744,87682.92,0.00035,5723707427,5723707427,1767225792842,False,True
3800398745,87682.92,0.00014,5723707428,5723707428,1767225793697,False,True
3800398746,87682.91,0.01239,5723707429,5723707429,1767225795059,True,True
3800398747,87682.92,5e-05,5723707430,5723707430,1767225795345,False,True
3800398748,87682.92,0.0014,5723707431,5723707431,1767225795429,False,True
3800398749,87682.91,0.00286,5723707432,5723707432,1767225795970,True,True
3800398750,87682.92,7e-05,5723707433,5723707433,1767225796225,False,True
3800398751,87682.91,0.0001,5723707434,5723707434,1767225796425,True,True
3800398752,87682.92,0.0001,5723707435,5723707435,1767225797346,False,True
3800398753,87682.92,0.0284,5723707436,5723707443,1767225797802,False,True
3800398754,87682.92,0.00012,5723707444,5723707444,1767225797935,False,True
3800398755,87682.91,0.0284,5723707445,5723707445,1767225797982,True,True
3800398756,87682.92,0.00047,5723707446,5723707446,1767225798271,False,True
3800398757,87682.92,0.00063,5723707447,5723707447,1767225799061,False,True
3800398758,87682.92,0.00111,5723707448,5723707448,1767225799325,False,True
3800398759,87682.92,8e-05,5723707449,5723707449,1767225799412,False,True
3800398760,87682.91,0.0045,5723707450,5723707450,1767225799481,True,True
3800398761,87682.92,0.00045,5723707451,5723707451,1767225799784,False,True
3800398762,87682.91,0.00132,5723707452,5723707452,1767225800200,True,True
3800398763,87682.91,0.00082,5723707453,5723707453,1767225800725,True,True
3800398764,87682.92,0.01,5723707454,5723707454,1767225801415,False,True
3800398765,87682.91,0.00057,5723707455,5723707455,1767225801535,True,True
3800398766,87682.92,0.00047,5723707456,5723707458,1767225801573,False,True
3800398767,87682.92,6e-05,5723707459,5723707459,1767225801827,False,True
3800398768,87682.92,0.00241,5723707460,5723707460,1767225801830,False,True
3800398769,87682.92,0.00018,5723707461,5723707461,1767225801894,False,True
3800398770,87682.91,0.00012,5723707462,5723707462,1767225802094,True,True
3800398771,87682.91,0.0001,5723707463,5723707463,1767225802294,True,True
3800398772,87682.92,0.00015,5723707464,5723707464,1767225802978,False,True
3800398773,87682.92,0.00371,5723707465,5723707465,1767225803598,False,True
3800398774,87682.91,0.00016,5723707466,5723707466,1767225803869,True,True
3800398775,87682.92,0.00015,5723707467,5723707467,1767225803904,False,True
3800398776,87682.91,0.00036,5723707468,5723707468,1767225804128,True,True
3800398777,87682.92,0.00056,5723707469,5723707469,1767225805112,False,True
3800398778,87682.91,0.02856,5723707470,5723707470,1767225805224,True,True
3800398779,87682.92,0.09647,5723707471,5723707523,1767225806115,False,True
3800398780,87682.93,0.00051,5723707524,5723707530,1767225806115,False,True
3800398781,87682.97,0.00027,5723707531,5723707533,1767225806115,False,True
3800398782,87683.01,6e-05,5723707534,5723707534,1767225806115,False,True
3800398783,87683.65,0.00018,5723707535,5723707537,1767225806115,False,True
3800398784,87683.87,0.00018,5723707538,5723707540,1767225806115,False,True
3800398785,87683.88,0.06914,5723707541,5723707544,1767225806115,False,True
3800398786,87683.89,6e-05,5723707545,5723707545,1767225806115,False,True
3800398787,87684.5,6e-05,5723707546,5723707546,1767225806115,False,True
3800398788,87685.86,6e-05,5723707547,5723707547,1767225806115,False,True
3800398789,87685.89,0.00018,5723707548,5723707550,1767225806115,False,True
3800398790,87686.11,7e-05,5723707551,5723707551,1767225806115,False,True
3800398791,87686.42,6e-05,5723707552,5723707552,1767225806115,False,True
3800398792,87686.77,0.00036,5723707553,5723707558,1767225806115,False,True
3800398793,87686.78,0.00038,5723707559,5723707564,1767225806191,False,True
3800398794,87686.78,0.00191,5723707565,5723707586,1767225806211,False,True
3800398795,87686.78,0.00729,5723707587,5723707596,1767225806211,False,True
3800398796,87686.77,0.01699,5723707597,5723707597,1767225807228,True,True
3800398797,87686.78,0.00054,5723707598,5723707598,1767225807516,False,True
3800398798,87686.78,0.0001,5723707599,5723707599,1767225807988,False,True
3800398799,87686.77,0.00243,5723707600,5723707600,1767225809446,True,True
3800398800,87686.78,0.00021,5723707601,5723707601,1767225809509,False,True
3800398801,87686.78,0.00228,5723707602,5723707602,1767225809784,False,True
3800398802,87686.77,0.00022,5723707603,5723707603,1767225810360,True,True
3800398803,87686.78,0.00015,5723707604,5723707604,1767225810421,False,True
3800398804,87686.78,0.0001,5723707605,5723707605,1767225811605,False,True
3800398805,87686.78,0.00085,5723707606,5723707606,1767225811965,False,True
3800398806,87686.77,0.07293,5723707607,5723707607,1767225811987,True,True
3800398807,87686.78,0.00015,5723707608,5723707608,1767225812436,False,True
3800398808,87686.77,0.0001,5723707609,5723707609,1767225812522,True,True
3800398809,87686.78,0.00022,5723707610,5723707610,1767225812577,False,True
3800398810,87686.77,0.00012,5723707611,5723707611,1767225813304,True,True
3800398811,87686.78,0.00015,5723707612,5723707612,1767225814116,False,True
3800398812,87686.77,0.00037,5723707613,5723707613,1767225814901,True,True
3800398813,87686.78,0.00158,5723707614,5723707615,1767225815336,False,True
3800398814,87686.78,0.00496,5723707616,5723707619,1767225815636,False,True
3800398815,87686.78,7e-05,5723707620,5723707620,1767225816042,False,True
3800398816,87686.77,0.00055,5723707621,5723707621,1767225816228,True,True
3800398817,87686.78,0.00708,5723707622,5723707642,1767225816676,False,True
3800398818,87686.78,0.00015,5723707643,5723707643,1767225816733,False,True
3800398819,87686.77,9e-05,5723707644,5723707644,1767225817629,True,True
3800398820,87686.78,0.0001,5723707645,5723707645,1767225818046,False,True
3800398821,87686.78,0.0001,5723707646,5723707646,1767225818424,False,True
3800398822,87686.77,0.00012,5723707647,5723707647,1767225818844,True,True
3800398823,87686.78,0.00397,5723707648,5723707673,1767225819712,False,True
3800398824,87686.79,0.01097,5723707674,5723707699,1767225819712,False,True
3800398825,87687.24,0.00111,5723707700,5723707715,1767225819714,False,True
3800398826,87687.25,0.00042,5723707716,5723707722,1767225819714,False,True
3800398827,87687.39,0.00018,5723707723,5723707725,1767225819714,False,True
3800398828,87687.4,0.09901,5723707726,5723707726,1767225819714,False,True
3800398829,87687.4,0.00147,5723707727,5723707734,1767225819714,False,True
3800398830,87688.0,0.00213,5723707735,5723707740,1767225819716,False,True
3800398831,87689.04,0.00133,5723707741,5723707759,1767225819719,False,True
3800398832,87689.05,0.00084,5723707760,5723707773,1767225819719,False,True
3800398833,87689.48,0.00192,5723707774,5723707800,1767225819726,False,True
3800398834,87689.49,0.00108,5723707801,5723707818,1767225819726,False,True
3800398835,87689.8,0.00018,5723707819,5723707821,1767225819726,False,True
3800398836,87689.93,0.00018,5723707822,5723707824,1767225819726,False,True
3800398837,87689.94,0.0021,5723707825,5723707826,1767225819726,False,True
3800398838,87689.94,0.00639,5723707827,5723707827,1767225819736,False,True
3800398839,87689.94,0.002,5723707828,5723707828,1767225819753,False,True
3800398840,87689.94,0.002,5723707829,5723707829,1767225819764,False,True
3800398841,87689.94,0.012,5723707830,5723707830,1767225819771,False,True
3800398842,87689.94,0.00721,5723707831,5723707831,1767225820961,False,True
3800398843,87689.93,0.00174,5723707832,5723707832,1767225821361,True,True
3800398844,87689.93,0.00057,5723707833,5723707833,1767225821418,True,True
3800398845,87689.94,0.0057,5723707834,5723707834,1767225821711,False,True
