trade_id,price,quantity,first_trade_id,last_trade_id,timestamp_utc,is_maker,best_match,datetime
1850438887,3018.32,0.0084,3404524849,3404524849,1767340800240,True,True,2026-01-02 08:00:00.240
1850438888,3018.32,0.0315,3404524850,3404524850,1767340800338,True,True,2026-01-02 08:00:00.338
1850438889,3018.32,0.0256,3404524851,3404524851,1767340800368,True,True,2026-01-02 08:00:00.368
1850438890,3018.32,0.0054,3404524852,3404524852,1767340800428,True,True,2026-01-02 08:00:00.428
1850438891,3018.33,0.0033,3404524853,3404524853,1767340800758,False,True,2026-01-02 08:00:00.758
1850438892,3018.33,0.0033,3404524854,3404524854,1767340800766,False,True,2026-01-02 08:00:00.766
1850438893,3018.33,0.0033,3404524855,3404524855,1767340800768,False,True,2026-01-02 08:00:00.768
1850438894,3018.33,0.0033,3404524856,3404524856,1767340800768,False,True,2026-01-02 08:00:00.768
1850438895,3018.33,0.0033,3404524857,3404524857,1767340800905,False,True,2026-01-02 08:00:00.905
1850438896,3018.33,0.0039,3404524858,3404524858,1767340801855,False,True,2026-01-02 08:00:01.855
1850438897,3018.32,0.11,3404524859,3404524860,1767340802052,True,True,2026-01-02 08:00:02.052
1850438898,3018.33,0.0165,3404524861,3404524867,1767340803542,False,True,2026-01-02 08:00:03.542
1850438899,3018.32,0.0653,3404524868,3404524883,1767340803818,True,True,2026-01-02 08:00:03.818
1850438900,3018.32,0.313,3404524884,3404524884,1767340804734,True,True,2026-01-02 08:00:04.734
1850438901,3018.33,0.1311,3404524885,3404524891,1767340805961,False,True,2026-01-02 08:00:05.961
1850438902,3018.32,0.6548,3404524892,3404524932,1767340806366,True,True,2026-01-02 08:00:06.366
1850438903,3018.31,0.1641,3404524933,3404524940,1767340806366,True,True,2026-01-02 08:00:06.366
1850438904,3018.3,0.7286,3404524941,3404524942,1767340806392,True,True,2026-01-02 08:00:06.392
1850438905,3018.3,0.0344,3404524943,3404524958,1767340806416,True,True,2026-01-02 08:00:06.416
1850438906,3018.29,0.0171,3404524959,3404524968,1767340806416,True,True,2026-01-02 08:00:06.416
1850438907,3018.28,0.0122,3404524969,3404524973,1767340806416,True,True,2026-01-02 08:00:06.416
1850438908,3018.27,0.0319,3404524974,3404524987,1767340806616,True,True,2026-01-02 08:00:06.616
1850438909,3018.26,0.0137,3404524988,3404524995,1767340806616,True,True,2026-01-02 08:00:06.616
1850438910,3018.25,0.0018,3404524996,3404524996,1767340806616,True,True,2026-01-02 08:00:06.616
1850438911,3018.24,0.0018,3404524997,3404524997,1767340806616,True,True,2026-01-02 08:00:06.616
1850438912,3018.23,0.0195,3404524998,3404525000,1767340806616,True,True,2026-01-02 08:00:06.616
1850438913,3018.16,0.0018,3404525001,3404525001,1767340806616,True,True,2026-01-02 08:00:06.616
1850438914,3018.15,0.0072,3404525002,3404525005,1767340806616,True,True,2026-01-02 08:00:06.616
1850438915,3018.15,48.1152,3404525006,3404525052,1767340806902,False,True,2026-01-02 08:00:06.902
1850438916,3018.16,0.6772,3404525053,3404525057,1767340806902,False,True,2026-01-02 08:00:06.902
1850438917,3018.17,0.5044,3404525058,3404525060,1767340806902,False,True,2026-01-02 08:00:06.902
1850438918,3018.19,0.0072,3404525061,3404525064,1767340806902,False,True,2026-01-02 08:00:06.902
1850438919,3018.2,0.2031,3404525065,3404525067,1767340806902,False,True,2026-01-02 08:00:06.902
1850438920,3018.21,0.0518,3404525068,3404525069,1767340806902,False,True,2026-01-02 08:00:06.902
1850438921,3018.23,0.0054,3404525070,3404525072,1767340806902,False,True,2026-01-02 08:00:06.902
1850438922,3018.24,1.4674,3404525073,3404525073,1767340806902,False,True,2026-01-02 08:00:06.902
1850438923,3018.25,0.0018,3404525074,3404525074,1767340806902,False,True,2026-01-02 08:00:06.902
1850438924,3018.26,0.0035,3404525075,3404525076,1767340806902,False,True,2026-01-02 08:00:06.902
1850438925,3018.27,0.0072,3404525077,3404525080,1767340806902,False,True,2026-01-02 08:00:06.902
1850438926,3018.28,3.3326,3404525081,3404525083,1767340806902,False,True,2026-01-02 08:00:06.902
1850438927,3018.29,0.0761,3404525084,3404525084,1767340806902,False,True,2026-01-02 08:00:06.902
1850438928,3018.3,0.0018,3404525085,3404525085,1767340806902,False,True,2026-01-02 08:00:06.902
1850438929,3018.31,1.332,3404525086,3404525087,1767340806902,False,True,2026-01-02 08:00:06.902
1850438930,3018.33,7.0307,3404525088,3404525101,1767340806902,False,True,2026-01-02 08:00:06.902
1850438931,3018.34,2.0382,3404525102,3404525103,1767340806902,False,True,2026-01-02 08:00:06.902
1850438932,3018.35,0.1656,3404525104,3404525104,1767340806902,False,True,2026-01-02 08:00:06.902
1850438933,3018.37,0.005,3404525105,3404525105,1767340806902,False,True,2026-01-02 08:00:06.902
1850438934,3018.4,0.8288,3404525106,3404525109,1767340806902,False,True,2026-01-02 08:00:06.902
1850438935,3018.41,11.0914,3404525110,3404525111,1767340806902,False,True,2026-01-02 08:00:06.902
1850438936,3018.42,0.0823,3404525112,3404525113,1767340806902,False,True,2026-01-02 08:00:06.902
1850438937,3018.43,0.2133,3404525114,3404525114,1767340806902,False,True,2026-01-02 08:00:06.902
1850438938,3018.43,0.0311,3404525115,3404525115,1767340806902,False,True,2026-01-02 08:00:06.902
1850438939,3018.42,0.0022,3404525116,3404525116,1767340807513,True,True,2026-01-02 08:00:07.513
1850438940,3018.42,0.0137,3404525117,3404525123,1767340808540,True,True,2026-01-02 08:00:08.540
1850438941,3018.42,0.036,3404525124,3404525127,1767340808945,True,True,2026-01-02 08:00:08.945
1850438942,3018.43,0.0165,3404525128,3404525128,1767340809088,False,True,2026-01-02 08:00:09.088
1850438943,3018.42,0.003,3404525129,3404525129,1767340810761,True,True,2026-01-02 08:00:10.761
1850438944,3018.43,0.0025,3404525130,3404525130,1767340811415,False,True,2026-01-02 08:00:11.415
1850438945,3018.43,0.0048,3404525131,3404525131,1767340812127,False,True,2026-01-02 08:00:12.127
1850438946,3018.43,0.0036,3404525132,3404525132,1767340812337,False,True,2026-01-02 08:00:12.337
1850438947,3018.43,0.003,3404525133,3404525133,1767340812876,False,True,2026-01-02 08:00:12.876
1850438948,3018.43,0.5,3404525134,3404525134,1767340813023,False,True,2026-01-02 08:00:13.023
1850438949,3018.43,0.0051,3404525135,3404525135,1767340813152,False,True,2026-01-02 08:00:13.152
1850438950,3018.43,0.0024,3404525136,3404525136,1767340813639,False,True,2026-01-02 08:00:13.639
1850438951,3018.42,0.0048,3404525137,3404525137,1767340813864,True,True,2026-01-02 08:00:13.864
1850438952,3018.43,0.005,3404525138,3404525138,1767340813963,False,True,2026-01-02 08:00:13.963
1850438953,3018.43,0.0049,3404525139,3404525139,1767340814050,False,True,2026-01-02 08:00:14.050
1850438954,3018.43,0.0049,3404525140,3404525140,1767340814081,False,True,2026-01-02 08:00:14.081
1850438955,3018.43,0.0099,3404525141,3404525141,1767340814786,False,True,2026-01-02 08:00:14.786
1850438956,3018.43,0.5255,3404525142,3404525171,1767340815393,False,True,2026-01-02 08:00:15.393
1850438957,3018.43,0.043,3404525172,3404525172,1767340816010,False,True,2026-01-02 08:00:16.010
1850438958,3018.43,1.0689,3404525173,3404525226,1767340816442,False,True,2026-01-02 08:00:16.442
1850438959,3018.44,0.2002,3404525227,3404525233,1767340816442,False,True,2026-01-02 08:00:16.442
1850438960,3018.44,0.0447,3404525234,3404525255,1767340816445,False,True,2026-01-02 08:00:16.445
1850438961,3018.45,0.0188,3404525256,3404525266,1767340816445,False,True,2026-01-02 08:00:16.445
1850438962,3018.46,0.0035,3404525267,3404525268,1767340816445,False,True,2026-01-02 08:00:16.445
1850438963,3018.47,0.0221,3404525269,3404525279,1767340816446,False,True,2026-01-02 08:00:16.446
1850438964,3018.48,0.0018,3404525280,3404525280,1767340816446,False,True,2026-01-02 08:00:16.446
1850438965,3018.49,0.0815,3404525281,3404525323,1767340816448,False,True,2026-01-02 08:00:16.448
1850438966,3018.5,0.3581,3404525324,3404525339,1767340816448,False,True,2026-01-02 08:00:16.448
1850438967,3018.51,0.0553,3404525340,3404525346,1767340816448,False,True,2026-01-02 08:00:16.448
1850438968,3018.52,0.2344,3404525347,3404525386,1767340816466,False,True,2026-01-02 08:00:16.466
1850438969,3018.53,0.1648,3404525387,3404525401,1767340816466,False,True,2026-01-02 08:00:16.466
1850438970,3018.54,0.0035,3404525402,3404525403,1767340816466,False,True,2026-01-02 08:00:16.466
1850438971,3018.56,0.0072,3404525404,3404525407,1767340816466,False,True,2026-01-02 08:00:16.466
1850438972,3018.57,0.0801,3404525408,3404525446,1767340816510,False,True,2026-01-02 08:00:16.510
1850438973,3018.58,0.1042,3404525447,3404525462,1767340816510,False,True,2026-01-02 08:00:16.510
1850438974,3018.59,0.0052,3404525463,3404525464,1767340816512,False,True,2026-01-02 08:00:16.512
1850438975,3018.6,0.2485,3404525465,3404525519,1767340816541,False,True,2026-01-02 08:00:16.541
1850438976,3018.61,0.2012,3404525520,3404525538,1767340816541,False,True,2026-01-02 08:00:16.541
1850438977,3018.62,0.2253,3404525539,3404525580,1767340817130,False,True,2026-01-02 08:00:17.130
1850438978,3018.63,0.1648,3404525581,3404525595,1767340817130,False,True,2026-01-02 08:00:17.130
1850438979,3018.64,0.0018,3404525596,3404525596,1767340817130,False,True,2026-01-02 08:00:17.130
1850438980,3018.66,0.0072,3404525597,3404525600,1767340817130,False,True,2026-01-02 08:00:17.130
1850438981,3018.67,0.1044,3404525601,3404525603,1767340817130,False,True,2026-01-02 08:00:17.130
1850438982,3018.68,0.0555,3404525604,3404525606,1767340817130,False,True,2026-01-02 08:00:17.130
1850438983,3018.69,0.0072,3404525607,3404525610,1767340817130,False,True,2026-01-02 08:00:17.130
1850438984,3018.7,0.0016,3404525611,3404525611,1767340817130,False,True,2026-01-02 08:00:17.130
1850438985,3018.7,0.0132,3404525612,3404525612,1767340820496,False,True,2026-01-02 08:00:20.496
1850438986,3018.69,0.0096,3404525613,3404525613,1767340820716,True,True,2026-01-02 08:00:20.716
1850438987,3018.7,0.1133,3404525614,3404525614,1767340823863,False,True,2026-01-02 08:00:23.863
1850438988,3018.7,0.0021,3404525615,3404525615,1767340825321,False,True,2026-01-02 08:00:25.321
1850438989,3018.69,0.0157,3404525616,3404525616,1767340825490,True,True,2026-01-02 08:00:25.490
1850438990,3018.7,0.0099,3404525617,3404525618,1767340826135,False,True,2026-01-02 08:00:26.135
1850438991,3018.7,1.6312,3404525619,3404525682,1767340826620,False,True,2026-01-02 08:00:26.620
1850438992,3018.7,0.1839,3404525683,3404525683,1767340826873,True,True,2026-01-02 08:00:26.873
1850438993,3018.7,0.0165,3404525684,3404525684,1767340828783,True,True,2026-01-02 08:00:28.783
1850438994,3018.71,1.1091,3404525685,3404525735,1767340828969,False,True,2026-01-02 08:00:28.969
1850438995,3018.72,0.029,3404525736,3404525752,1767340828971,False,True,2026-01-02 08:00:28.971
1850438996,3018.73,0.1871,3404525753,3404525766,1767340828971,False,True,2026-01-02 08:00:28.971
1850438997,3018.74,0.0258,3404525767,3404525779,1767340828973,False,True,2026-01-02 08:00:28.973
1850438998,3018.75,2.0393,3404525780,3404525789,1767340828974,False,True,2026-01-02 08:00:28.974
1850438999,3018.76,0.0686,3404525790,3404525827,1767340828976,False,True,2026-01-02 08:00:28.976
1850439000,3018.77,0.2457,3404525828,3404525881,1767340829032,False,True,2026-01-02 08:00:29.032
1850439001,3018.78,0.3048,3404525882,3404525897,1767340829032,False,True,2026-01-02 08:00:29.032
1850439002,3018.79,0.0178,3404525898,3404525899,1767340829032,False,True,2026-01-02 08:00:29.032
1850439003,3018.8,0.0038,3404525900,3404525901,1767340829033,False,True,2026-01-02 08:00:29.033
1850439004,3018.81,0.0072,3404525902,3404525905,1767340829033,False,True,2026-01-02 08:00:29.033
1850439005,3018.82,0.2711,3404525906,3404525909,1767340829033,False,True,2026-01-02 08:00:29.033
1850439006,3018.84,0.0018,3404525910,3404525910,1767340829034,False,True,2026-01-02 08:00:29.034
1850439007,3018.85,0.0018,3404525911,3404525911,1767340829034,False,True,2026-01-02 08:00:29.034
1850439008,3018.87,0.0018,3404525912,3404525912,1767340829034,False,True,2026-01-02 08:00:29.034
1850439009,3018.88,0.0328,3404525913,3404525914,1767340829034,False,True,2026-01-02 08:00:29.034
1850439010,3018.89,0.2371,3404525915,3404525964,1767340829041,False,True,2026-01-02 08:00:29.041
1850439011,3018.9,0.1604,3404525965,3404525968,1767340829041,False,True,2026-01-02 08:00:29.041
1850439012,3018.9,0.4968,3404525969,3404525970,1767340829041,False,True,2026-01-02 08:00:29.041
1850439013,3018.9,0.265,3404525971,3404525971,1767340829042,False,True,2026-01-02 08:00:29.042
1850439014,3018.9,0.0883,3404525972,3404526015,1767340829066,False,True,2026-01-02 08:00:29.066
1850439015,3018.91,0.0222,3404526016,3404526028,1767340829066,False,True,2026-01-02 08:00:29.066
1850439016,3018.93,0.0054,3404526029,3404526031,1767340829066,False,True,2026-01-02 08:00:29.066
1850439017,3018.94,0.1444,3404526032,3404526034,1767340829066,False,True,2026-01-02 08:00:29.066
1850439018,3018.95,0.0598,3404526035,3404526038,1767340829066,False,True,2026-01-02 08:00:29.066
1850439019,3018.96,0.0035,3404526039,3404526040,1767340829066,False,True,2026-01-02 08:00:29.066
1850439020,3018.99,0.0054,3404526041,3404526043,1767340829066,False,True,2026-01-02 08:00:29.066
1850439021,3019.0,0.4218,3404526044,3404526086,1767340829144,False,True,2026-01-02 08:00:29.144
1850439022,3019.01,0.0256,3404526087,3404526101,1767340829144,False,True,2026-01-02 08:00:29.144
1850439023,3019.02,0.0072,3404526102,3404526105,1767340829144,False,True,2026-01-02 08:00:29.144
1850439024,3019.03,0.0129,3404526106,3404526107,1767340829144,False,True,2026-01-02 08:00:29.144
1850439025,3019.03,0.107,3404526108,3404526125,1767340829147,False,True,2026-01-02 08:00:29.147
1850439026,3019.04,0.0462,3404526126,3404526149,1767340829149,False,True,2026-01-02 08:00:29.149
1850439027,3019.05,0.0035,3404526150,3404526151,1767340829149,False,True,2026-01-02 08:00:29.149
1850439028,3019.07,0.0018,3404526152,3404526152,1767340829149,False,True,2026-01-02 08:00:29.149
1850439029,3019.08,0.4443,3404526153,3404526191,1767340829238,False,True,2026-01-02 08:00:29.238
1850439030,3019.09,0.0222,3404526192,3404526204,1767340829238,False,True,2026-01-02 08:00:29.238
1850439031,3019.09,0.0017,3404526205,3404526205,1767340829239,False,True,2026-01-02 08:00:29.239
1850439032,3019.1,0.0055,3404526206,3404526208,1767340829239,False,True,2026-01-02 08:00:29.239
1850439033,3019.15,0.0351,3404526209,3404526214,1767340829240,False,True,2026-01-02 08:00:29.240
1850439034,3019.17,0.0052,3404526215,3404526217,1767340829241,False,True,2026-01-02 08:00:29.241
1850439035,3019.18,0.0457,3404526218,3404526236,1767340829243,False,True,2026-01-02 08:00:29.243
1850439036,3019.19,0.0072,3404526237,3404526240,1767340829243,False,True,2026-01-02 08:00:29.243
1850439037,3019.2,0.0025,3404526241,3404526242,1767340829351,False,True,2026-01-02 08:00:29.351
1850439038,3019.2,0.2649,3404526243,3404526244,1767340829619,False,True,2026-01-02 08:00:29.619
1850439039,3019.2,0.2432,3404526245,3404526287,1767340829619,False,True,2026-01-02 08:00:29.619
1850439040,3019.21,0.0239,3404526288,3404526301,1767340829619,False,True,2026-01-02 08:00:29.619
1850439041,3019.23,0.0052,3404526302,3404526303,1767340829619,False,True,2026-01-02 08:00:29.619
1850439042,3019.24,0.0035,3404526304,3404526305,1767340829619,False,True,2026-01-02 08:00:29.619
1850439043,3019.27,0.0093,3404526306,3404526308,1767340829619,False,True,2026-01-02 08:00:29.619
1850439044,3019.28,0.0072,3404526309,3404526312,1767340829619,False,True,2026-01-02 08:00:29.619
1850439045,3019.29,0.1579,3404526313,3404526313,1767340829619,False,True,2026-01-02 08:00:29.619
1850439046,3019.29,0.0465,3404526314,3404526314,1767340829619,False,True,2026-01-02 08:00:29.619
1850439047,3019.29,0.0318,3404526315,3404526317,1767340829620,False,True,2026-01-02 08:00:29.620
1850439048,3019.3,0.0266,3404526318,3404526320,1767340829620,False,True,2026-01-02 08:00:29.620
1850439049,3019.32,0.0072,3404526321,3404526324,1767340829620,False,True,2026-01-02 08:00:29.620
1850439050,3019.33,0.1993,3404526325,3404526325,1767340829620,False,True,2026-01-02 08:00:29.620
1850439051,3019.33,0.0204,3404526326,3404526328,1767340829620,False,True,2026-01-02 08:00:29.620
1850439052,3019.36,0.0397,3404526329,3404526329,1767340829620,False,True,2026-01-02 08:00:29.620
1850439053,3019.38,0.0601,3404526330,3404526334,1767340829620,False,True,2026-01-02 08:00:29.620
1850439054,3019.39,0.2772,3404526335,3404526337,1767340829620,False,True,2026-01-02 08:00:29.620
1850439055,3019.39,0.0112,3404526338,3404526344,1767340830365,False,True,2026-01-02 08:00:30.365
1850439056,3019.39,0.0167,3404526345,3404526353,1767340830930,False,True,2026-01-02 08:00:30.930
1850439057,3019.39,0.0165,3404526354,3404526361,1767340831704,False,True,2026-01-02 08:00:31.704
1850439058,3019.39,0.0025,3404526362,3404526363,1767340831778,False,True,2026-01-02 08:00:31.778
1850439059,3019.39,0.0024,3404526364,3404526364,1767340831879,False,True,2026-01-02 08:00:31.879
1850439060,3019.39,0.0034,3404526365,3404526366,1767340833131,False,True,2026-01-02 08:00:33.131
1850439061,3019.38,0.2986,3404526367,3404526367,1767340834579,True,True,2026-01-02 08:00:34.579
1850439062,3019.39,4.0,3404526368,3404526374,1767340835536,False,True,2026-01-02 08:00:35.536
1850439063,3019.39,0.4636,3404526375,3404526385,1767340836867,False,True,2026-01-02 08:00:36.867
1850439064,3019.38,0.0102,3404526386,3404526386,1767340837178,True,True,2026-01-02 08:00:37.178
1850439065,3019.39,0.0282,3404526387,3404526397,1767340837207,False,True,2026-01-02 08:00:37.207
1850439066,3019.39,1.2532,3404526398,3404526446,1767340837209,False,True,2026-01-02 08:00:37.209
1850439067,3019.4,0.0034,3404526447,3404526447,1767340837232,False,True,2026-01-02 08:00:37.232
1850439068,3019.4,0.0165,3404526448,3404526448,1767340837270,False,True,2026-01-02 08:00:37.270
1850439069,3019.4,0.2479,3404526449,3404526494,1767340837352,False,True,2026-01-02 08:00:37.352
1850439070,3019.41,0.0222,3404526495,3404526507,1767340837352,False,True,2026-01-02 08:00:37.352
1850439071,3019.42,0.0018,3404526508,3404526508,1767340837352,False,True,2026-01-02 08:00:37.352
1850439072,3019.43,0.0085,3404526509,3404526511,1767340837352,False,True,2026-01-02 08:00:37.352
1850439073,3019.44,0.0072,3404526512,3404526515,1767340837352,False,True,2026-01-02 08:00:37.352
1850439074,3019.45,0.1537,3404526516,3404526519,1767340837352,False,True,2026-01-02 08:00:37.352
1850439075,3019.46,0.0035,3404526520,3404526521,1767340837352,False,True,2026-01-02 08:00:37.352
1850439076,3019.47,0.0018,3404526522,3404526522,1767340837352,False,True,2026-01-02 08:00:37.352
1850439077,3019.48,0.0018,3404526523,3404526523,1767340837352,False,True,2026-01-02 08:00:37.352
1850439078,3019.49,0.0232,3404526524,3404526528,1767340837352,False,True,2026-01-02 08:00:37.352
1850439079,3019.5,0.3383,3404526529,3404526532,1767340837352,False,True,2026-01-02 08:00:37.352
1850439080,3019.52,0.0071,3404526533,3404526536,1767340837352,False,True,2026-01-02 08:00:37.352
1850439081,3019.53,0.2649,3404526537,3404526537,1767340837352,False,True,2026-01-02 08:00:37.352
1850439082,3019.54,0.0344,3404526538,3404526540,1767340837352,False,True,2026-01-02 08:00:37.352
1850439083,3019.54,0.1034,3404526541,3404526580,1767340837372,False,True,2026-01-02 08:00:37.372
1850439084,3019.55,0.0374,3404526581,3404526602,1767340837373,False,True,2026-01-02 08:00:37.373
1850439085,3019.58,0.0319,3404526603,3404526619,1767340837375,False,True,2026-01-02 08:00:37.375
1850439086,3019.59,0.1098,3404526620,3404526620,1767340837379,False,True,2026-01-02 08:00:37.379
1850439087,3019.59,0.1072,3404526621,3404526661,1767340837379,False,True,2026-01-02 08:00:37.379
1850439088,3019.6,0.0242,3404526662,3404526675,1767340837379,False,True,2026-01-02 08:00:37.379
1850439089,3019.62,0.0054,3404526676,3404526678,1767340837379,False,True,2026-01-02 08:00:37.379
1850439090,3019.63,0.0618,3404526679,3404526684,1767340837379,False,True,2026-01-02 08:00:37.379
1850439091,3019.64,0.0663,3404526685,3404526685,1767340837379,False,True,2026-01-02 08:00:37.379
1850439092,3019.64,0.0297,3404526686,3404526692,1767340837379,False,True,2026-01-02 08:00:37.379
1850439093,3019.66,0.0035,3404526693,3404526694,1767340837379,False,True,2026-01-02 08:00:37.379
1850439094,3019.68,0.0054,3404526695,3404526697,1767340837379,False,True,2026-01-02 08:00:37.379
1850439095,3019.69,0.0018,3404526698,3404526698,1767340837379,False,True,2026-01-02 08:00:37.379
1850439096,3019.7,0.0038,3404526699,3404526700,1767340837379,False,True,2026-01-02 08:00:37.379
1850439097,3019.71,0.0953,3404526701,3404526703,1767340837379,False,True,2026-01-02 08:00:37.379
1850439098,3019.74,0.1018,3404526704,3404526705,1767340837379,False,True,2026-01-02 08:00:37.379
1850439099,3019.75,0.0274,3404526706,3404526707,1767340837379,False,True,2026-01-02 08:00:37.379
1850439100,3019.8,0.0062,3404526708,3404526710,1767340837379,False,True,2026-01-02 08:00:37.379
1850439101,3019.82,0.0018,3404526711,3404526711,1767340837379,False,True,2026-01-02 08:00:37.379
1850439102,3019.83,0.0108,3404526712,3404526712,1767340837379,False,True,2026-01-02 08:00:37.379
1850439103,3019.83,0.3535,3404526713,3404526714,1767340837380,False,True,2026-01-02 08:00:37.380
1850439104,3019.84,0.1432,3404526715,3404526716,1767340837380,False,True,2026-01-02 08:00:37.380
1850439105,3019.83,0.0338,3404526717,3404526733,1767340837382,False,True,2026-01-02 08:00:37.382
1850439106,3019.84,0.0805,3404526734,3404526734,1767340837385,False,True,2026-01-02 08:00:37.385
1850439107,3019.84,0.1285,3404526735,3404526779,1767340837385,False,True,2026-01-02 08:00:37.385
1850439108,3019.85,0.0281,3404526780,3404526795,1767340837385,False,True,2026-01-02 08:00:37.385
1850439109,3019.86,0.0026,3404526796,3404526796,1767340837385,False,True,2026-01-02 08:00:37.385
1850439110,3019.87,0.0035,3404526797,3404526798,1767340837385,False,True,2026-01-02 08:00:37.385
1850439111,3019.9,0.0038,3404526799,3404526800,1767340837385,False,True,2026-01-02 08:00:37.385
1850439112,3019.92,0.0018,3404526801,3404526801,1767340837385,False,True,2026-01-02 08:00:37.385
1850439113,3019.93,0.015,3404526802,3404526803,1767340837385,False,True,2026-01-02 08:00:37.385
1850439114,3019.94,0.0011,3404526804,3404526804,1767340837385,False,True,2026-01-02 08:00:37.385
1850439115,3019.94,0.0024,3404526805,3404526806,1767340837392,False,True,2026-01-02 08:00:37.392
1850439116,3019.94,0.2649,3404526807,3404526809,1767340837394,False,True,2026-01-02 08:00:37.394
1850439117,3019.94,0.3311,3404526810,3404526810,1767340837401,False,True,2026-01-02 08:00:37.401
1850439118,3019.94,0.2,3404526811,3404526835,1767340837408,False,True,2026-01-02 08:00:37.408
1850439119,3019.94,0.1351,3404526836,3404526838,1767340837415,False,True,2026-01-02 08:00:37.415
1850439120,3019.94,3.0494,3404526839,3404526878,1767340837716,False,True,2026-01-02 08:00:37.716
1850439121,3019.95,0.0222,3404526879,3404526891,1767340837719,False,True,2026-01-02 08:00:37.719
1850439122,3019.96,0.0951,3404526892,3404526939,1767340837766,False,True,2026-01-02 08:00:37.766
1850439123,3019.97,0.0239,3404526940,3404526953,1767340837766,False,True,2026-01-02 08:00:37.766
1850439124,3019.98,0.0018,3404526954,3404526954,1767340837766,False,True,2026-01-02 08:00:37.766
1850439125,3019.99,0.0089,3404526955,3404526959,1767340837766,False,True,2026-01-02 08:00:37.766
1850439126,3020.0,0.7481,3404526960,3404526961,1767340837774,False,True,2026-01-02 08:00:37.774
1850439127,3019.99,0.7479,3404526962,3404526962,1767340837784,True,True,2026-01-02 08:00:37.784
1850439128,3020.0,0.8614,3404526963,3404527002,1767340837816,False,True,2026-01-02 08:00:37.816
1850439129,3020.01,0.0204,3404527003,3404527014,1767340837816,False,True,2026-01-02 08:00:37.816
1850439130,3020.02,0.0072,3404527015,3404527018,1767340837816,False,True,2026-01-02 08:00:37.816
1850439131,3020.02,0.0092,3404527019,3404527019,1767340838419,True,True,2026-01-02 08:00:38.419
1850439132,3020.03,4.5011,3404527020,3404527061,1767340839635,False,True,2026-01-02 08:00:39.635
1850439133,3020.04,0.0188,3404527062,3404527072,1767340839635,False,True,2026-01-02 08:00:39.635
1850439134,3020.05,0.0415,3404527073,3404527074,1767340839635,False,True,2026-01-02 08:00:39.635
1850439135,3020.07,0.0089,3404527075,3404527079,1767340839635,False,True,2026-01-02 08:00:39.635
1850439136,3020.08,0.6737,3404527080,3404527084,1767340839635,False,True,2026-01-02 08:00:39.635
1850439137,3020.1,0.0092,3404527085,3404527089,1767340839635,False,True,2026-01-02 08:00:39.635
1850439138,3020.11,4.0309,3404527090,3404527093,1767340839635,False,True,2026-01-02 08:00:39.635
1850439139,3020.13,0.0018,3404527094,3404527094,1767340839635,False,True,2026-01-02 08:00:39.635
1850439140,3020.14,0.068,3404527095,3404527096,1767340839635,False,True,2026-01-02 08:00:39.635
1850439141,3020.15,0.0195,3404527097,3404527099,1767340839635,False,True,2026-01-02 08:00:39.635
1850439142,3020.17,0.0054,3404527100,3404527102,1767340839635,False,True,2026-01-02 08:00:39.635
1850439143,3020.18,3.1128,3404527103,3404527103,1767340839635,False,True,2026-01-02 08:00:39.635
1850439144,3020.2,0.002,3404527104,3404527104,1767340839635,False,True,2026-01-02 08:00:39.635
1850439145,3020.22,0.1451,3404527105,3404527107,1767340839635,False,True,2026-01-02 08:00:39.635
1850439146,3020.24,0.1258,3404527108,3404527109,1767340839635,False,True,2026-01-02 08:00:39.635
1850439147,3020.26,0.2318,3404527110,3404527110,1767340839635,False,True,2026-01-02 08:00:39.635
1850439148,3020.3,0.0054,3404527111,3404527112,1767340839635,False,True,2026-01-02 08:00:39.635
1850439149,3020.31,0.1,3404527113,3404527113,1767340839635,False,True,2026-01-02 08:00:39.635
1850439150,3020.32,1.5487,3404527114,3404527117,1767340839635,False,True,2026-01-02 08:00:39.635
1850439151,3020.33,3.1648,3404527118,3404527119,1767340839635,False,True,2026-01-02 08:00:39.635
1850439152,3020.35,0.0097,3404527120,3404527120,1767340839635,False,True,2026-01-02 08:00:39.635
1850439153,3020.36,0.0017,3404527121,3404527121,1767340839635,False,True,2026-01-02 08:00:39.635
1850439154,3020.39,0.0018,3404527122,3404527122,1767340839635,False,True,2026-01-02 08:00:39.635
1850439155,3020.4,5.5787,3404527123,3404527126,1767340839635,False,True,2026-01-02 08:00:39.635
1850439156,3020.41,1.9911,3404527127,3404527128,1767340839635,False,True,2026-01-02 08:00:39.635
1850439157,3020.42,0.7465,3404527129,3404527130,1767340839635,False,True,2026-01-02 08:00:39.635
1850439158,3020.44,0.0547,3404527131,3404527132,1767340839635,False,True,2026-01-02 08:00:39.635
1850439159,3020.49,1.9911,3404527133,3404527134,1767340839635,False,True,2026-01-02 08:00:39.635
1850439160,3020.5,2.3225,3404527135,3404527138,1767340839635,False,True,2026-01-02 08:00:39.635
1850439161,3020.53,1.9877,3404527139,3404527139,1767340839635,False,True,2026-01-02 08:00:39.635
1850439162,3020.54,0.1,3404527140,3404527140,1767340839635,False,True,2026-01-02 08:00:39.635
1850439163,3020.55,4.4393,3404527141,3404527143,1767340839635,False,True,2026-01-02 08:00:39.635
1850439164,3020.56,5.7343,3404527144,3404527145,1767340839635,False,True,2026-01-02 08:00:39.635
1850439165,3020.58,0.0331,3404527146,3404527146,1767340839635,False,True,2026-01-02 08:00:39.635
1850439166,3020.59,0.8141,3404527147,3404527149,1767340839635,False,True,2026-01-02 08:00:39.635
1850439167,3020.6,0.1226,3404527150,3404527153,1767340839635,False,True,2026-01-02 08:00:39.635
1850439168,3020.61,0.1116,3404527154,3404527156,1767340839635,False,True,2026-01-02 08:00:39.635
1850439169,3020.64,2.3894,3404527157,3404527159,1767340839635,False,True,2026-01-02 08:00:39.635
1850439170,3020.66,0.0992,3404527160,3404527161,1767340839635,False,True,2026-01-02 08:00:39.635
1850439171,3020.67,2.8394,3404527162,3404527165,1767340839635,False,True,2026-01-02 08:00:39.635
1850439172,3020.68,0.05,3404527166,3404527166,1767340839635,False,True,2026-01-02 08:00:39.635
1850439173,3020.7,8.5972,3404527167,3404527170,1767340839635,False,True,2026-01-02 08:00:39.635
1850439174,3020.72,0.0034,3404527171,3404527171,1767340839635,False,True,2026-01-02 08:00:39.635
1850439175,3020.73,3.15,3404527172,3404527173,1767340839635,False,True,2026-01-02 08:00:39.635
1850439176,3020.74,0.4634,3404527174,3404527175,1767340839635,False,True,2026-01-02 08:00:39.635
1850439177,3020.75,4.8141,3404527176,3404527177,1767340839635,False,True,2026-01-02 08:00:39.635
1850439178,3020.74,0.0019,3404527178,3404527178,1767340839639,False,True,2026-01-02 08:00:39.639
1850439179,3020.74,0.4966,3404527179,3404527180,1767340839646,False,True,2026-01-02 08:00:39.646
1850439180,3020.73,0.017,3404527181,3404527187,1767340839860,True,True,2026-01-02 08:00:39.860
1850439181,3020.72,0.0066,3404527188,3404527188,1767340839860,True,True,2026-01-02 08:00:39.860
1850439182,3020.64,0.0017,3404527189,3404527189,1767340839860,True,True,2026-01-02 08:00:39.860
1850439183,3020.61,0.0054,3404527190,3404527192,1767340839860,True,True,2026-01-02 08:00:39.860
1850439184,3020.6,0.0976,3404527193,3404527196,1767340839860,True,True,2026-01-02 08:00:39.860
1850439185,3020.59,0.5364,3404527197,3404527197,1767340839860,True,True,2026-01-02 08:00:39.860
1850439186,3020.57,0.0054,3404527198,3404527200,1767340839860,True,True,2026-01-02 08:00:39.860
1850439187,3020.56,0.0851,3404527201,3404527201,1767340839860,True,True,2026-01-02 08:00:39.860
1850439188,3020.57,0.7553,3404527202,3404527202,1767340839870,False,True,2026-01-02 08:00:39.870
1850439189,3020.56,0.0136,3404527203,3404527208,1767340840119,True,True,2026-01-02 08:00:40.119
1850439190,3020.54,0.0054,3404527209,3404527211,1767340840119,True,True,2026-01-02 08:00:40.119
1850439191,3020.53,0.7555,3404527212,3404527212,1767340840119,True,True,2026-01-02 08:00:40.119
1850439192,3020.5,0.0017,3404527213,3404527213,1767340840119,True,True,2026-01-02 08:00:40.119
1850439193,3020.36,0.0017,3404527214,3404527214,1767340840119,True,True,2026-01-02 08:00:40.119
1850439194,3020.35,0.0054,3404527215,3404527217,1767340840119,True,True,2026-01-02 08:00:40.119
1850439195,3020.34,0.0165,3404527218,3404527218,1767340840127,True,True,2026-01-02 08:00:40.127
1850439196,3020.34,0.015,3404527219,3404527223,1767340840166,True,True,2026-01-02 08:00:40.166
1850439197,3020.23,0.0054,3404527224,3404527226,1767340840166,True,True,2026-01-02 08:00:40.166
1850439198,3020.22,0.5223,3404527227,3404527227,1767340840183,True,True,2026-01-02 08:00:40.183
1850439199,3020.22,0.2873,3404527228,3404527228,1767340840187,True,True,2026-01-02 08:00:40.187
1850439200,3020.22,1.0684,3404527229,3404527229,1767340840191,True,True,2026-01-02 08:00:40.191
1850439201,3020.22,0.0119,3404527230,3404527235,1767340840217,True,True,2026-01-02 08:00:40.217
1850439202,3020.2,0.0017,3404527236,3404527236,1767340840217,True,True,2026-01-02 08:00:40.217
1850439203,3020.11,0.0054,3404527237,3404527239,1767340840217,True,True,2026-01-02 08:00:40.217
1850439204,3020.1,3.9399,3404527240,3404527240,1767340840231,True,True,2026-01-02 08:00:40.231
1850439205,3020.1,1.5774,3404527241,3404527241,1767340840231,True,True,2026-01-02 08:00:40.231
1850439206,3020.1,1.2597,3404527242,3404527242,1767340840231,True,True,2026-01-02 08:00:40.231
1850439207,3020.1,0.6416,3404527243,3404527248,1767340840232,True,True,2026-01-02 08:00:40.232
1850439208,3020.08,0.0238,3404527249,3404527262,1767340840235,True,True,2026-01-02 08:00:40.235
1850439209,3020.07,0.0119,3404527263,3404527269,1767340840235,True,True,2026-01-02 08:00:40.235
1850439210,3020.03,0.0054,3404527270,3404527272,1767340840235,True,True,2026-01-02 08:00:40.235
1850439211,3020.02,1.1036,3404527273,3404527287,1767340840286,True,True,2026-01-02 08:00:40.286
1850439212,3020.01,0.0119,3404527288,3404527294,1767340840288,True,True,2026-01-02 08:00:40.288
1850439213,3020.0,0.0037,3404527295,3404527296,1767340840288,True,True,2026-01-02 08:00:40.288
1850439214,3019.98,0.005,3404527297,3404527297,1767340840288,True,True,2026-01-02 08:00:40.288
1850439215,3019.97,0.0025,3404527298,3404527298,1767340840288,True,True,2026-01-02 08:00:40.288
1850439216,3019.94,0.0071,3404527299,3404527302,1767340840288,True,True,2026-01-02 08:00:40.288
1850439217,3019.93,0.0255,3404527303,3404527316,1767340840316,True,True,2026-01-02 08:00:40.316
1850439218,3019.92,0.0153,3404527317,3404527325,1767340840316,True,True,2026-01-02 08:00:40.316
1850439219,3019.9,0.016,3404527326,3404527326,1767340840316,True,True,2026-01-02 08:00:40.316
1850439220,3019.85,0.0054,3404527327,3404527329,1767340840316,True,True,2026-01-02 08:00:40.316
1850439221,3019.84,0.0102,3404527330,3404527330,1767340840337,True,True,2026-01-02 08:00:40.337
1850439222,3019.84,0.1156,3404527331,3404527345,1767340840366,True,True,2026-01-02 08:00:40.366
1850439223,3019.83,0.2122,3404527346,3404527354,1767340840366,True,True,2026-01-02 08:00:40.366
1850439224,3019.8,0.0327,3404527355,3404527356,1767340840366,True,True,2026-01-02 08:00:40.366
1850439225,3019.75,0.052,3404527357,3404527357,1767340840366,True,True,2026-01-02 08:00:40.366
1850439226,3019.69,0.0189,3404527358,3404527358,1767340840366,True,True,2026-01-02 08:00:40.366
1850439227,3019.66,0.0088,3404527359,3404527363,1767340840366,True,True,2026-01-02 08:00:40.366
1850439228,3019.65,0.0824,3404527364,3404527367,1767340840366,True,True,2026-01-02 08:00:40.366
1850439229,3019.64,0.003,3404527368,3404527368,1767340840860,True,True,2026-01-02 08:00:40.860
1850439230,3019.64,0.003,3404527369,3404527371,1767340840862,True,True,2026-01-02 08:00:40.862
1850439231,3019.64,0.003,3404527372,3404527374,1767340840862,True,True,2026-01-02 08:00:40.862
1850439232,3019.64,0.003,3404527375,3404527376,1767340840862,True,True,2026-01-02 08:00:40.862
1850439233,3019.64,0.003,3404527377,3404527378,1767340840862,True,True,2026-01-02 08:00:40.862
1850439234,3019.64,0.328,3404527379,3404527381,1767340841083,True,True,2026-01-02 08:00:41.083
1850439235,3019.64,0.328,3404527382,3404527382,1767340841083,True,True,2026-01-02 08:00:41.083
1850439236,3019.64,0.328,3404527383,3404527383,1767340841083,True,True,2026-01-02 08:00:41.083
1850439237,3019.64,0.113,3404527384,3404527393,1767340841084,True,True,2026-01-02 08:00:41.084
1850439238,3019.63,0.0051,3404527394,3404527396,1767340841084,True,True,2026-01-02 08:00:41.084
1850439239,3019.62,0.0017,3404527397,3404527397,1767340841084,True,True,2026-01-02 08:00:41.084
1850439240,3019.57,0.0054,3404527398,3404527400,1767340841084,True,True,2026-01-02 08:00:41.084
1850439241,3019.56,0.1,3404527401,3404527401,1767340841084,True,True,2026-01-02 08:00:41.084
1850439242,3019.55,0.0017,3404527402,3404527402,1767340841084,True,True,2026-01-02 08:00:41.084
1850439243,3019.54,0.0054,3404527403,3404527405,1767340841084,True,True,2026-01-02 08:00:41.084
1850439244,3019.53,0.0957,3404527406,3404527406,1767340841084,True,True,2026-01-02 08:00:41.084
1850439245,3019.53,0.0033,3404527407,3404527407,1767340841084,True,True,2026-01-02 08:00:41.084
1850439246,3019.53,0.1658,3404527408,3404527408,1767340841084,True,True,2026-01-02 08:00:41.084
1850439247,3019.52,0.0017,3404527409,3404527409,1767340841084,True,True,2026-01-02 08:00:41.084
1850439248,3019.51,0.0122,3404527410,3404527413,1767340841084,True,True,2026-01-02 08:00:41.084
1850439249,3019.5,0.1483,3404527414,3404527414,1767340841084,True,True,2026-01-02 08:00:41.084
1850439250,3019.5,0.0208,3404527415,3404527415,1767340841142,True,True,2026-01-02 08:00:41.142
1850439251,3019.51,4.0666,3404527416,3404527417,1767340841578,False,True,2026-01-02 08:00:41.578
1850439252,3019.51,0.3311,3404527418,3404527418,1767340842040,False,True,2026-01-02 08:00:42.040
1850439253,3019.51,0.0139,3404527419,3404527419,1767340842437,False,True,2026-01-02 08:00:42.437
1850439254,3019.51,0.0132,3404527420,3404527420,1767340842834,False,True,2026-01-02 08:00:42.834
1850439255,3019.51,2.0931,3404527421,3404527476,1767340843992,False,True,2026-01-02 08:00:43.992
1850439256,3019.52,0.0086,3404527477,3404527481,1767340843992,False,True,2026-01-02 08:00:43.992
1850439257,3019.52,0.0153,3404527482,3404527490,1767340843994,False,True,2026-01-02 08:00:43.994
1850439258,3019.53,0.012,3404527491,3404527497,1767340843994,False,True,2026-01-02 08:00:43.994
1850439259,3019.54,0.2078,3404527498,3404527499,1767340844036,False,True,2026-01-02 08:00:44.036
1850439260,3019.54,0.002,3404527500,3404527500,1767340844044,False,True,2026-01-02 08:00:44.044
1850439261,3019.54,0.1185,3404527501,3404527549,1767340844056,False,True,2026-01-02 08:00:44.056
1850439262,3019.55,0.0265,3404527550,3404527564,1767340844058,False,True,2026-01-02 08:00:44.058
1850439263,3019.56,0.0018,3404527565,3404527565,1767340844058,False,True,2026-01-02 08:00:44.058
1850439264,3019.57,0.0018,3404527566,3404527566,1767340844058,False,True,2026-01-02 08:00:44.058
1850439265,3019.58,0.0018,3404527567,3404527567,1767340844058,False,True,2026-01-02 08:00:44.058
1850439266,3019.59,0.0018,3404527568,3404527568,1767340844058,False,True,2026-01-02 08:00:44.058
1850439267,3019.61,0.0396,3404527569,3404527587,1767340844060,False,True,2026-01-02 08:00:44.060
1850439268,3019.62,0.012,3404527588,3404527594,1767340844060,False,True,2026-01-02 08:00:44.060
1850439269,3019.63,0.0018,3404527595,3404527595,1767340844060,False,True,2026-01-02 08:00:44.060
1850439270,3019.64,0.0072,3404527596,3404527599,1767340844060,False,True,2026-01-02 08:00:44.060
1850439271,3019.65,0.0044,3404527600,3404527600,1767340844542,False,True,2026-01-02 08:00:44.542
1850439272,3019.65,0.0043,3404527601,3404527601,1767340844551,False,True,2026-01-02 08:00:44.551
1850439273,3019.65,0.0083,3404527602,3404527602,1767340845135,False,True,2026-01-02 08:00:45.135
1850439274,3019.65,0.0166,3404527603,3404527603,1767340845342,False,True,2026-01-02 08:00:45.342
1850439275,3019.65,0.0044,3404527604,3404527604,1767340845810,False,True,2026-01-02 08:00:45.810
1850439276,3019.65,0.0042,3404527605,3404527605,1767340846156,False,True,2026-01-02 08:00:46.156
1850439277,3019.65,0.0174,3404527606,3404527606,1767340846431,False,True,2026-01-02 08:00:46.431
1850439278,3019.65,0.0034,3404527607,3404527607,1767340846465,False,True,2026-01-02 08:00:46.465
1850439279,3019.65,0.0034,3404527608,3404527608,1767340846469,False,True,2026-01-02 08:00:46.469
1850439280,3019.65,0.0055,3404527609,3404527609,1767340847231,False,True,2026-01-02 08:00:47.231
1850439281,3019.65,0.0033,3404527610,3404527610,1767340847535,False,True,2026-01-02 08:00:47.535
1850439282,3019.65,0.0132,3404527611,3404527611,1767340848350,False,True,2026-01-02 08:00:48.350
1850439283,3019.64,0.8057,3404527612,3404527613,1767340848438,True,True,2026-01-02 08:00:48.438
1850439284,3019.64,0.077,3404527614,3404527614,1767340850017,True,True,2026-01-02 08:00:50.017
1850439285,3019.65,1.5433,3404527615,3404527673,1767340850523,False,True,2026-01-02 08:00:50.523
1850439286,3019.66,0.012,3404527674,3404527680,1767340850525,False,True,2026-01-02 08:00:50.525
1850439287,3019.69,0.0038,3404527681,3404527682,1767340851248,False,True,2026-01-02 08:00:51.248
1850439288,3019.69,0.2303,3404527683,3404527721,1767340851626,False,True,2026-01-02 08:00:51.626
1850439289,3019.7,0.0259,3404527722,3404527736,1767340851626,False,True,2026-01-02 08:00:51.626
1850439290,3019.71,0.1476,3404527737,3404527740,1767340851626,False,True,2026-01-02 08:00:51.626
1850439291,3019.71,0.0018,3404527741,3404527741,1767340851627,False,True,2026-01-02 08:00:51.627
1850439292,3019.72,0.0018,3404527742,3404527742,1767340851627,False,True,2026-01-02 08:00:51.627
1850439293,3019.73,0.0035,3404527743,3404527744,1767340851627,False,True,2026-01-02 08:00:51.627
1850439294,3019.76,0.0018,3404527745,3404527745,1767340851627,False,True,2026-01-02 08:00:51.627
1850439295,3019.77,0.0018,3404527746,3404527746,1767340851627,False,True,2026-01-02 08:00:51.627
1850439296,3019.78,0.0178,3404527747,3404527748,1767340851627,False,True,2026-01-02 08:00:51.627
1850439297,3019.79,0.0018,3404527749,3404527749,1767340851627,False,True,2026-01-02 08:00:51.627
1850439298,3019.8,0.0035,3404527750,3404527751,1767340851627,False,True,2026-01-02 08:00:51.627
1850439299,3019.84,0.0054,3404527752,3404527754,1767340851627,False,True,2026-01-02 08:00:51.627
1850439300,3019.85,0.1426,3404527755,3404527756,1767340851627,False,True,2026-01-02 08:00:51.627
1850439301,3019.88,0.0054,3404527757,3404527759,1767340851627,False,True,2026-01-02 08:00:51.627
1850439302,3019.89,0.3505,3404527760,3404527761,1767340851627,False,True,2026-01-02 08:00:51.627
1850439303,3019.9,0.002,3404527762,3404527762,1767340851627,False,True,2026-01-02 08:00:51.627
1850439304,3019.93,0.0054,3404527763,3404527765,1767340851627,False,True,2026-01-02 08:00:51.627
1850439305,3019.94,0.8733,3404527766,3404527768,1767340851627,False,True,2026-01-02 08:00:51.627
1850439306,3019.95,3.0406,3404527769,3404527770,1767340851627,False,True,2026-01-02 08:00:51.627
1850439307,3019.97,0.1,3404527771,3404527771,1767340851627,False,True,2026-01-02 08:00:51.627
1850439308,3019.99,0.0017,3404527772,3404527772,1767340851627,False,True,2026-01-02 08:00:51.627
1850439309,3020.0,0.0278,3404527773,3404527785,1767340851630,False,True,2026-01-02 08:00:51.630
1850439310,3020.02,0.0036,3404527786,3404527787,1767340851630,False,True,2026-01-02 08:00:51.630
1850439311,3020.03,0.0804,3404527788,3404527789,1767340851630,False,True,2026-01-02 08:00:51.630
1850439312,3020.08,0.0017,3404527790,3404527790,1767340851630,False,True,2026-01-02 08:00:51.630
1850439313,3020.1,0.0062,3404527791,3404527793,1767340851630,False,True,2026-01-02 08:00:51.630
1850439314,3020.11,0.0122,3404527794,3404527797,1767340851630,False,True,2026-01-02 08:00:51.630
1850439315,3020.13,0.0132,3404527798,3404527798,1767340851630,False,True,2026-01-02 08:00:51.630
1850439316,3020.15,0.0034,3404527799,3404527799,1767340851630,False,True,2026-01-02 08:00:51.630
1850439317,3020.2,0.002,3404527800,3404527800,1767340851630,False,True,2026-01-02 08:00:51.630
1850439318,3020.22,0.0034,3404527801,3404527802,1767340851630,False,True,2026-01-02 08:00:51.630
1850439319,3020.23,0.1773,3404527803,3404527805,1767340851630,False,True,2026-01-02 08:00:51.630
1850439320,3020.23,0.2649,3404527806,3404527806,1767340851631,False,True,2026-01-02 08:00:51.631
1850439321,3020.23,0.1077,3404527807,3404527811,1767340851631,False,True,2026-01-02 08:00:51.631
1850439322,3020.25,0.0019,3404527812,3404527812,1767340851631,False,True,2026-01-02 08:00:51.631
1850439323,3020.28,0.0957,3404527813,3404527813,1767340851631,False,True,2026-01-02 08:00:51.631
1850439324,3020.3,0.002,3404527814,3404527814,1767340851631,False,True,2026-01-02 08:00:51.631
1850439325,3020.31,0.0397,3404527815,3404527815,1767340851631,False,True,2026-01-02 08:00:51.631
1850439326,3020.36,0.0017,3404527816,3404527816,1767340851631,False,True,2026-01-02 08:00:51.631
1850439327,3020.39,0.248,3404527817,3404527817,1767340851631,False,True,2026-01-02 08:00:51.631
1850439328,3020.39,0.1907,3404527818,3404527819,1767340851632,False,True,2026-01-02 08:00:51.632
1850439329,3020.4,0.2066,3404527820,3404527824,1767340851632,False,True,2026-01-02 08:00:51.632
1850439330,3020.4,0.2649,3404527825,3404527825,1767340851632,False,True,2026-01-02 08:00:51.632
1850439331,3020.4,0.0019,3404527826,3404527826,1767340851635,False,True,2026-01-02 08:00:51.635
1850439332,3020.4,0.3311,3404527827,3404527827,1767340851643,False,True,2026-01-02 08:00:51.643
1850439333,3020.4,0.3973,3404527828,3404527829,1767340851650,False,True,2026-01-02 08:00:51.650
1850439334,3020.4,0.2648,3404527830,3404527830,1767340851651,False,True,2026-01-02 08:00:51.651
1850439335,3020.4,0.2648,3404527831,3404527831,1767340851651,False,True,2026-01-02 08:00:51.651
1850439336,3020.4,0.4139,3404527832,3404527833,1767340851651,False,True,2026-01-02 08:00:51.651
1850439337,3020.39,1.3516,3404527834,3404527862,1767340853014,True,True,2026-01-02 08:00:53.014
1850439338,3020.38,0.3969,3404527863,3404527865,1767340853014,True,True,2026-01-02 08:00:53.014
1850439339,3020.38,0.3994,3404527866,3404527866,1767340853014,True,True,2026-01-02 08:00:53.014
1850439340,3020.38,0.3994,3404527867,3404527867,1767340853014,True,True,2026-01-02 08:00:53.014
1850439341,3020.38,6.1857,3404527868,3404527875,1767340853014,True,True,2026-01-02 08:00:53.014
1850439342,3020.37,0.3174,3404527876,3404527876,1767340853014,True,True,2026-01-02 08:00:53.014
1850439343,3020.37,0.2112,3404527877,3404527877,1767340853014,True,True,2026-01-02 08:00:53.014
1850439344,3020.36,0.0017,3404527878,3404527878,1767340853014,True,True,2026-01-02 08:00:53.014
1850439345,3020.35,0.2535,3404527879,3404527880,1767340853016,True,True,2026-01-02 08:00:53.016
1850439346,3020.32,0.0017,3404527881,3404527881,1767340853016,True,True,2026-01-02 08:00:53.016
1850439347,3020.25,0.0054,3404527882,3404527884,1767340853017,True,True,2026-01-02 08:00:53.017
1850439348,3020.24,2.0677,3404527885,3404527885,1767340853017,True,True,2026-01-02 08:00:53.017
1850439349,3020.24,0.3191,3404527886,3404527886,1767340853017,True,True,2026-01-02 08:00:53.017
1850439350,3020.24,0.5481,3404527887,3404527887,1767340853017,True,True,2026-01-02 08:00:53.017
1850439351,3020.24,0.1252,3404527888,3404527905,1767340853021,True,True,2026-01-02 08:00:53.021
1850439352,3020.23,0.0156,3404527906,3404527914,1767340853021,True,True,2026-01-02 08:00:53.021
1850439353,3020.22,1.0794,3404527915,3404527916,1767340853021,True,True,2026-01-02 08:00:53.021
1850439354,3020.15,0.0054,3404527917,3404527919,1767340853021,True,True,2026-01-02 08:00:53.021
1850439355,3020.14,0.1986,3404527920,3404527920,1767340853021,True,True,2026-01-02 08:00:53.021
1850439356,3020.13,0.0054,3404527921,3404527923,1767340853021,True,True,2026-01-02 08:00:53.021
1850439357,3020.12,0.0136,3404527924,3404527929,1767340853128,True,True,2026-01-02 08:00:53.128
1850439358,3020.11,0.0017,3404527930,3404527930,1767340853128,True,True,2026-01-02 08:00:53.128
1850439359,3020.08,0.0017,3404527931,3404527931,1767340853128,True,True,2026-01-02 08:00:53.128
1850439360,3020.0,0.0034,3404527932,3404527933,1767340853128,True,True,2026-01-02 08:00:53.128
1850439361,3019.94,0.0071,3404527934,3404527937,1767340853128,True,True,2026-01-02 08:00:53.128
1850439362,3019.93,0.1,3404527938,3404527938,1767340853128,True,True,2026-01-02 08:00:53.128
1850439363,3019.88,0.0017,3404527939,3404527939,1767340853128,True,True,2026-01-02 08:00:53.128
1850439364,3019.87,0.0054,3404527940,3404527942,1767340853128,True,True,2026-01-02 08:00:53.128
1850439365,3019.86,0.3831,3404527943,3404527943,1767340853128,True,True,2026-01-02 08:00:53.128
1850439366,3019.85,0.0132,3404527944,3404527944,1767340853128,True,True,2026-01-02 08:00:53.128
1850439367,3019.8,0.0017,3404527945,3404527945,1767340853128,True,True,2026-01-02 08:00:53.128
1850439368,3019.79,0.0019,3404527946,3404527946,1767340853128,True,True,2026-01-02 08:00:53.128
1850439369,3019.77,0.0017,3404527947,3404527947,1767340853128,True,True,2026-01-02 08:00:53.128
1850439370,3019.7,0.0054,3404527948,3404527949,1767340853128,True,True,2026-01-02 08:00:53.128
1850439371,3019.69,0.0054,3404527950,3404527952,1767340853128,True,True,2026-01-02 08:00:53.128
1850439372,3019.68,1.555,3404527953,3404527953,1767340853128,True,True,2026-01-02 08:00:53.128
1850439373,3019.68,0.0019,3404527954,3404527954,1767340853132,True,True,2026-01-02 08:00:53.132
1850439374,3019.69,0.0132,3404527955,3404527955,1767340853898,False,True,2026-01-02 08:00:53.898
1850439375,3019.68,0.91,3404527956,3404527971,1767340855187,True,True,2026-01-02 08:00:55.187
1850439376,3019.68,0.0153,3404527972,3404527979,1767340855467,True,True,2026-01-02 08:00:55.467
1850439377,3019.67,0.459,3404527980,3404527995,1767340856904,True,True,2026-01-02 08:00:56.904
1850439378,3019.67,0.459,3404527996,3404527996,1767340857368,True,True,2026-01-02 08:00:57.368
1850439379,3019.67,0.459,3404527997,3404527997,1767340857770,True,True,2026-01-02 08:00:57.770
1850439380,3019.67,0.459,3404527998,3404527998,1767340857770,True,True,2026-01-02 08:00:57.770
1850439381,3019.67,7.7517,3404527999,3404528010,1767340857772,True,True,2026-01-02 08:00:57.772
1850439382,3019.66,0.0164,3404528011,3404528019,1767340858926,True,True,2026-01-02 08:00:58.926
1850439383,3019.67,0.0264,3404528020,3404528020,1767340859479,False,True,2026-01-02 08:00:59.479
1850439384,3019.66,12.8496,3404528021,3404528033,1767340859605,True,True,2026-01-02 08:00:59.605
1850439385,3019.65,0.0085,3404528034,3404528037,1767340859606,True,True,2026-01-02 08:00:59.606
1850439386,3019.64,0.026,3404528038,3404528038,1767340859606,True,True,2026-01-02 08:00:59.606
1850439387,3019.63,0.0165,3404528039,3404528039,1767340859606,True,True,2026-01-02 08:00:59.606
1850439388,3019.62,0.0067,3404528040,3404528041,1767340859607,True,True,2026-01-02 08:00:59.607
1850439389,3019.6,0.0054,3404528042,3404528044,1767340859607,True,True,2026-01-02 08:00:59.607
1850439390,3019.59,0.0844,3404528045,3404528046,1767340859607,True,True,2026-01-02 08:00:59.607
1850439391,3019.55,0.0054,3404528047,3404528049,1767340859607,True,True,2026-01-02 08:00:59.607
1850439392,3019.54,0.1553,3404528050,3404528053,1767340859607,True,True,2026-01-02 08:00:59.607
1850439393,3019.53,12.0521,3404528054,3404528056,1767340859607,True,True,2026-01-02 08:00:59.607
1850439394,3019.52,0.0992,3404528057,3404528059,1767340859607,True,True,2026-01-02 08:00:59.607
1850439395,3019.51,1.5847,3404528060,3404528060,1767340859607,True,True,2026-01-02 08:00:59.607
1850439396,3019.5,0.5618,3404528061,3404528064,1767340859607,True,True,2026-01-02 08:00:59.607
1850439397,3019.49,3.9055,3404528065,3404528065,1767340859607,True,True,2026-01-02 08:00:59.607
1850439398,3019.46,2.3933,3404528066,3404528069,1767340859610,True,True,2026-01-02 08:00:59.610
1850439399,3019.46,0.459,3404528070,3404528070,1767340859611,True,True,2026-01-02 08:00:59.611
1850439400,3019.46,0.459,3404528071,3404528071,1767340859611,True,True,2026-01-02 08:00:59.611
1850439401,3019.46,0.45,3404528072,3404528072,1767340859612,True,True,2026-01-02 08:00:59.612
1850439402,3019.46,0.459,3404528073,3404528073,1767340859612,True,True,2026-01-02 08:00:59.612
1850439403,3019.42,0.2649,3404528074,3404528082,1767340859613,True,True,2026-01-02 08:00:59.613
1850439404,3019.42,1.2044,3404528083,3404528083,1767340859613,True,True,2026-01-02 08:00:59.613
1850439405,3019.42,1.4152,3404528084,3404528084,1767340859613,True,True,2026-01-02 08:00:59.613
1850439406,3019.42,0.4967,3404528085,3404528085,1767340859614,True,True,2026-01-02 08:00:59.614
1850439407,3019.42,0.1957,3404528086,3404528086,1767340859614,True,True,2026-01-02 08:00:59.614
1850439408,3019.4,0.002,3404528087,3404528087,1767340859614,True,True,2026-01-02 08:00:59.614
1850439409,3019.39,0.0054,3404528088,3404528090,1767340859614,True,True,2026-01-02 08:00:59.614
1850439410,3019.38,0.0832,3404528091,3404528095,1767340859614,True,True,2026-01-02 08:00:59.614
1850439411,3019.37,0.111,3404528096,3404528097,1767340859614,True,True,2026-01-02 08:00:59.614
1850439412,3019.37,0.2649,3404528098,3404528098,1767340859614,True,True,2026-01-02 08:00:59.614
1850439413,3019.37,0.3311,3404528099,3404528099,1767340859614,True,True,2026-01-02 08:00:59.614
1850439414,3019.37,9.5856,3404528100,3404528100,1767340859618,True,True,2026-01-02 08:00:59.618
1850439415,3019.37,0.45,3404528101,3404528107,1767340859620,True,True,2026-01-02 08:00:59.620
1850439416,3019.37,0.3312,3404528108,3404528110,1767340859624,True,True,2026-01-02 08:00:59.624
1850439417,3019.37,0.2,3404528111,3404528111,1767340859625,True,True,2026-01-02 08:00:59.625
1850439418,3019.37,0.3311,3404528112,3404528120,1767340859631,True,True,2026-01-02 08:00:59.631
1850439419,3019.37,1.4779,3404528121,3404528121,1767340859632,True,True,2026-01-02 08:00:59.632
1850439420,3019.34,0.0054,3404528122,3404528124,1767340859632,True,True,2026-01-02 08:00:59.632
1850439421,3019.33,0.0662,3404528125,3404528125,1767340860015,True,True,2026-01-02 08:01:00.015
1850439422,3019.33,5.5771,3404528126,3404528148,1767340860203,True,True,2026-01-02 08:01:00.203
1850439423,3019.32,0.0639,3404528149,3404528156,1767340860203,True,True,2026-01-02 08:01:00.203
1850439424,3019.3,0.0074,3404528157,3404528160,1767340860203,True,True,2026-01-02 08:01:00.203
1850439425,3019.29,0.2318,3404528161,3404528161,1767340860203,True,True,2026-01-02 08:01:00.203
1850439426,3019.28,0.008,3404528162,3404528165,1767340860203,True,True,2026-01-02 08:01:00.203
1850439427,3019.27,0.077,3404528166,3404528166,1767340860203,True,True,2026-01-02 08:01:00.203
1850439428,3019.24,0.0071,3404528167,3404528170,1767340860203,True,True,2026-01-02 08:01:00.203
1850439429,3019.23,2.1811,3404528171,3404528171,1767340860203,True,True,2026-01-02 08:01:00.203
1850439430,3019.23,0.0036,3404528172,3404528172,1767340860203,True,True,2026-01-02 08:01:00.203
1850439431,3019.22,0.0054,3404528173,3404528175,1767340860203,True,True,2026-01-02 08:01:00.203
1850439432,3019.21,0.8,3404528176,3404528176,1767340860204,True,True,2026-01-02 08:01:00.204
1850439433,3019.21,22.551,3404528177,3404528177,1767340860204,True,True,2026-01-02 08:01:00.204
1850439434,3019.2,0.002,3404528178,3404528178,1767340860204,True,True,2026-01-02 08:01:00.204
1850439435,3019.18,2.9808,3404528179,3404528179,1767340860204,True,True,2026-01-02 08:01:00.204
1850439436,3019.17,1.8614,3404528180,3404528180,1767340860204,True,True,2026-01-02 08:01:00.204
1850439437,3019.17,0.1,3404528181,3404528181,1767340860204,True,True,2026-01-02 08:01:00.204
1850439438,3019.17,2.0507,3404528182,3404528182,1767340860204,True,True,2026-01-02 08:01:00.204
1850439439,3019.16,0.0132,3404528183,3404528183,1767340860204,True,True,2026-01-02 08:01:00.204
1850439440,3019.1,0.0169,3404528184,3404528186,1767340860205,True,True,2026-01-02 08:01:00.205
1850439441,3019.09,0.0034,3404528187,3404528187,1767340860205,True,True,2026-01-02 08:01:00.205
1850439442,3019.08,0.2216,3404528188,3404528190,1767340860205,True,True,2026-01-02 08:01:00.205
1850439443,3019.07,0.175,3404528191,3404528191,1767340860205,True,True,2026-01-02 08:01:00.205
1850439444,3019.07,0.1,3404528192,3404528192,1767340860205,True,True,2026-01-02 08:01:00.205
1850439445,3019.07,0.2,3404528193,3404528193,1767340860206,True,True,2026-01-02 08:01:00.206
1850439446,3019.07,0.2649,3404528194,3404528194,1767340860210,True,True,2026-01-02 08:01:00.210
1850439447,3019.07,0.2933,3404528195,3404528208,1767340860210,True,True,2026-01-02 08:01:00.210
1850439448,3019.06,0.0102,3404528209,3404528214,1767340860210,True,True,2026-01-02 08:01:00.210
1850439449,3019.01,0.0052,3404528215,3404528216,1767340860210,True,True,2026-01-02 08:01:00.210
1850439450,3019.0,0.0224,3404528217,3404528219,1767340860210,True,True,2026-01-02 08:01:00.210
1850439451,3019.0,0.2649,3404528220,3404528220,1767340860210,True,True,2026-01-02 08:01:00.210
1850439452,3019.0,0.0476,3404528221,3404528221,1767340860210,True,True,2026-01-02 08:01:00.210
1850439453,3018.99,0.0054,3404528222,3404528224,1767340860210,True,True,2026-01-02 08:01:00.210
1850439454,3018.98,0.3444,3404528225,3404528227,1767340860210,True,True,2026-01-02 08:01:00.210
1850439455,3018.98,0.1655,3404528228,3404528229,1767340860210,True,True,2026-01-02 08:01:00.210
1850439456,3018.98,0.0017,3404528230,3404528230,1767340860211,True,True,2026-01-02 08:01:00.211
1850439457,3018.97,0.0068,3404528231,3404528231,1767340860211,True,True,2026-01-02 08:01:00.211
1850439458,3018.96,0.0017,3404528232,3404528232,1767340860211,True,True,2026-01-02 08:01:00.211
1850439459,3018.95,0.0265,3404528233,3404528233,1767340860211,True,True,2026-01-02 08:01:00.211
1850439460,3018.93,0.0054,3404528234,3404528236,1767340860211,True,True,2026-01-02 08:01:00.211
1850439461,3018.92,0.1018,3404528237,3404528238,1767340860211,True,True,2026-01-02 08:01:00.211
1850439462,3018.91,0.1873,3404528239,3404528239,1767340860211,True,True,2026-01-02 08:01:00.211
1850439463,3018.91,0.459,3404528240,3404528240,1767340860216,True,True,2026-01-02 08:01:00.216
1850439464,3018.91,0.459,3404528241,3404528248,1767340860217,True,True,2026-01-02 08:01:00.217
1850439465,3018.91,0.459,3404528249,3404528249,1767340860217,True,True,2026-01-02 08:01:00.217
1850439466,3018.91,0.459,3404528250,3404528253,1767340860217,True,True,2026-01-02 08:01:00.217
1850439467,3018.91,0.3431,3404528254,3404528260,1767340860220,True,True,2026-01-02 08:01:00.220
1850439468,3018.9,0.0108,3404528261,3404528266,1767340860220,True,True,2026-01-02 08:01:00.220
1850439469,3018.89,0.0662,3404528267,3404528267,1767340860220,True,True,2026-01-02 08:01:00.220
1850439470,3018.87,0.0017,3404528268,3404528268,1767340860220,True,True,2026-01-02 08:01:00.220
1850439471,3018.83,0.0054,3404528269,3404528271,1767340860220,True,True,2026-01-02 08:01:00.220
1850439472,3018.82,0.0318,3404528272,3404528273,1767340860220,True,True,2026-01-02 08:01:00.220
1850439473,3018.82,0.0119,3404528274,3404528274,1767340860313,True,True,2026-01-02 08:01:00.313
1850439474,3018.82,0.053,3404528275,3404528299,1767340861266,True,True,2026-01-02 08:01:01.266
1850439475,3018.81,0.1392,3404528300,3404528301,1767340861266,True,True,2026-01-02 08:01:01.266
1850439476,3018.8,0.002,3404528302,3404528302,1767340861266,True,True,2026-01-02 08:01:01.266
1850439477,3018.79,0.0054,3404528303,3404528305,1767340861266,True,True,2026-01-02 08:01:01.266
1850439478,3018.78,0.2649,3404528306,3404528306,1767340861266,True,True,2026-01-02 08:01:01.266
1850439479,3018.77,0.0017,3404528307,3404528307,1767340861266,True,True,2026-01-02 08:01:01.266
1850439480,3018.76,0.0054,3404528308,3404528310,1767340861266,True,True,2026-01-02 08:01:01.266
1850439481,3018.75,0.0401,3404528311,3404528311,1767340861451,True,True,2026-01-02 08:01:01.451
1850439482,3018.75,0.459,3404528312,3404528312,1767340861679,True,True,2026-01-02 08:01:01.679
1850439483,3018.75,0.459,3404528313,3404528313,1767340861680,True,True,2026-01-02 08:01:01.680
1850439484,3018.75,0.459,3404528314,3404528314,1767340861680,True,True,2026-01-02 08:01:01.680
1850439485,3018.75,0.17,3404528315,3404528330,1767340861681,True,True,2026-01-02 08:01:01.681
1850439486,3018.74,0.0136,3404528331,3404528338,1767340861681,True,True,2026-01-02 08:01:01.681
1850439487,3018.72,0.0054,3404528339,3404528341,1767340861681,True,True,2026-01-02 08:01:01.681
1850439488,3018.71,0.22,3404528342,3404528345,1767340861681,True,True,2026-01-02 08:01:01.681
1850439489,3018.7,0.05,3404528346,3404528346,1767340861681,True,True,2026-01-02 08:01:01.681
1850439490,3018.7,0.459,3404528347,3404528347,1767340861681,True,True,2026-01-02 08:01:01.681
1850439491,3018.71,0.0183,3404528348,3404528355,1767340864102,False,True,2026-01-02 08:01:04.102
1850439492,3018.71,1.2467,3404528356,3404528401,1767340864105,False,True,2026-01-02 08:01:04.105
1850439493,3018.71,0.0122,3404528402,3404528406,1767340864107,False,True,2026-01-02 08:01:04.107
1850439494,3018.72,0.2298,3404528407,3404528450,1767340864467,False,True,2026-01-02 08:01:04.467
1850439495,3018.73,0.0205,3404528451,3404528462,1767340864467,False,True,2026-01-02 08:01:04.467
1850439496,3018.74,0.0018,3404528463,3404528463,1767340864467,False,True,2026-01-02 08:01:04.467
1850439497,3018.75,0.0018,3404528464,3404528464,1767340864467,False,True,2026-01-02 08:01:04.467
1850439498,3018.76,0.0109,3404528465,3404528468,1767340864467,False,True,2026-01-02 08:01:04.467
1850439499,3018.77,0.0018,3404528469,3404528469,1767340864467,False,True,2026-01-02 08:01:04.467
1850439500,3018.79,0.0089,3404528470,3404528474,1767340864467,False,True,2026-01-02 08:01:04.467
1850439501,3018.8,0.2395,3404528475,3404528477,1767340864467,False,True,2026-01-02 08:01:04.467
1850439502,3018.81,0.0018,3404528478,3404528478,1767340864467,False,True,2026-01-02 08:01:04.467
1850439503,3018.82,0.0275,3404528479,3404528485,1767340864467,False,True,2026-01-02 08:01:04.467
1850439504,3018.83,0.0165,3404528486,3404528486,1767340865012,False,True,2026-01-02 08:01:05.012
1850439505,3018.82,0.0092,3404528487,3404528487,1767340865545,True,True,2026-01-02 08:01:05.545
1850439506,3018.83,0.2403,3404528488,3404528488,1767340866247,False,True,2026-01-02 08:01:06.247
1850439507,3018.82,0.0057,3404528489,3404528489,1767340866654,True,True,2026-01-02 08:01:06.654
1850439508,3018.83,0.0093,3404528490,3404528490,1767340866654,False,True,2026-01-02 08:01:06.654
1850439509,3018.83,1.6603,3404528491,3404528537,1767340868118,False,True,2026-01-02 08:01:08.118
1850439510,3018.84,0.0282,3404528538,3404528552,1767340868120,False,True,2026-01-02 08:01:08.120
1850439511,3018.86,0.0018,3404528553,3404528553,1767340868120,False,True,2026-01-02 08:01:08.120
1850439512,3018.89,0.0072,3404528554,3404528557,1767340868120,False,True,2026-01-02 08:01:08.120
1850439513,3018.9,0.1444,3404528558,3404528560,1767340868120,False,True,2026-01-02 08:01:08.120
1850439514,3018.91,0.0072,3404528561,3404528564,1767340868120,False,True,2026-01-02 08:01:08.120
1850439515,3018.92,0.1822,3404528565,3404528568,1767340868120,False,True,2026-01-02 08:01:08.120
1850439516,3018.94,0.0018,3404528569,3404528569,1767340868120,False,True,2026-01-02 08:01:08.120
1850439517,3018.95,0.0018,3404528570,3404528570,1767340868120,False,True,2026-01-02 08:01:08.120
1850439518,3018.96,0.0035,3404528571,3404528572,1767340868120,False,True,2026-01-02 08:01:08.120
1850439519,3019.0,0.0219,3404528573,3404528574,1767340868120,False,True,2026-01-02 08:01:08.120
1850439520,3019.0,0.0369,3404528575,3404528578,1767340868120,False,True,2026-01-02 08:01:08.120
1850439521,3019.0,0.0524,3404528579,3404528603,1767340868166,False,True,2026-01-02 08:01:08.166
1850439522,3019.01,0.0221,3404528604,3404528616,1767340868166,False,True,2026-01-02 08:01:08.166
1850439523,3019.08,0.0052,3404528617,3404528619,1767340868168,False,True,2026-01-02 08:01:08.168
1850439524,3019.09,0.0018,3404528620,3404528620,1767340868168,False,True,2026-01-02 08:01:08.168
1850439525,3019.1,0.0055,3404528621,3404528623,1767340868168,False,True,2026-01-02 08:01:08.168
1850439526,3019.11,0.148,3404528624,3404528661,1767340868216,False,True,2026-01-02 08:01:08.216
1850439527,3019.12,0.0221,3404528662,3404528674,1767340868216,False,True,2026-01-02 08:01:08.216
1850439528,3019.13,0.0018,3404528675,3404528675,1767340868216,False,True,2026-01-02 08:01:08.216
1850439529,3019.19,0.0035,3404528676,3404528677,1767340868216,False,True,2026-01-02 08:01:08.216
1850439530,3019.2,0.0064,3404528678,3404528680,1767340868216,False,True,2026-01-02 08:01:08.216
1850439531,3019.21,0.0052,3404528681,3404528682,1767340868216,False,True,2026-01-02 08:01:08.216
1850439532,3019.24,0.0035,3404528683,3404528684,1767340868216,False,True,2026-01-02 08:01:08.216
1850439533,3019.26,0.0018,3404528685,3404528685,1767340868216,False,True,2026-01-02 08:01:08.216
1850439534,3019.28,0.0054,3404528686,3404528688,1767340868216,False,True,2026-01-02 08:01:08.216
1850439535,3019.29,0.1018,3404528689,3404528690,1767340868216,False,True,2026-01-02 08:01:08.216
1850439536,3019.3,0.0038,3404528691,3404528692,1767340868216,False,True,2026-01-02 08:01:08.216
1850439537,3019.31,0.015,3404528693,3404528694,1767340868216,False,True,2026-01-02 08:01:08.216
1850439538,3019.32,0.0036,3404528695,3404528696,1767340868216,False,True,2026-01-02 08:01:08.216
1850439539,3019.35,0.0054,3404528697,3404528699,1767340868216,False,True,2026-01-02 08:01:08.216
1850439540,3019.35,0.14,3404528700,3404528700,1767340868449,True,True,2026-01-02 08:01:08.449
1850439541,3019.35,0.09,3404528701,3404528701,1767340868650,True,True,2026-01-02 08:01:08.650
1850439542,3019.36,0.2492,3404528702,3404528752,1767340869466,False,True,2026-01-02 08:01:09.466
1850439543,3019.37,0.0337,3404528753,3404528765,1767340869466,False,True,2026-01-02 08:01:09.466
1850439544,3019.38,0.0035,3404528766,3404528767,1767340869466,False,True,2026-01-02 08:01:09.466
1850439545,3019.4,0.0038,3404528768,3404528769,1767340869466,False,True,2026-01-02 08:01:09.466
1850439546,3019.42,0.0068,3404528770,3404528771,1767340869466,False,True,2026-01-02 08:01:09.466
1850439547,3019.43,0.0018,3404528772,3404528772,1767340869466,False,True,2026-01-02 08:01:09.466
1850439548,3019.45,0.0018,3404528773,3404528773,1767340869466,False,True,2026-01-02 08:01:09.466
1850439549,3019.46,0.0054,3404528774,3404528776,1767340869466,False,True,2026-01-02 08:01:09.466
1850439550,3019.47,0.0044,3404528777,3404528778,1767340869466,False,True,2026-01-02 08:01:09.466
1850439551,3019.48,0.0195,3404528779,3404528781,1767340869466,False,True,2026-01-02 08:01:09.466
1850439552,3019.49,0.0451,3404528782,3404528785,1767340869466,False,True,2026-01-02 08:01:09.466
1850439553,3019.5,0.3412,3404528786,3404528791,1767340869466,False,True,2026-01-02 08:01:09.466
1850439554,3019.51,0.0829,3404528792,3404528799,1767340869559,False,True,2026-01-02 08:01:09.559
1850439555,3019.51,0.0132,3404528800,3404528806,1767340870551,False,True,2026-01-02 08:01:10.551
1850439556,3019.51,3.8766,3404528807,3404528840,1767340871332,False,True,2026-01-02 08:01:11.332
1850439557,3019.52,0.2739,3404528841,3404528888,1767340872324,False,True,2026-01-02 08:01:12.324
1850439558,3019.53,0.0222,3404528889,3404528901,1767340872324,False,True,2026-01-02 08:01:12.324
1850439559,3019.54,0.0328,3404528902,3404528903,1767340872324,False,True,2026-01-02 08:01:12.324
1850439560,3019.55,0.0283,3404528904,3404528905,1767340872324,False,True,2026-01-02 08:01:12.324
1850439561,3019.57,0.0072,3404528906,3404528909,1767340872324,False,True,2026-01-02 08:01:12.324
1850439562,3019.58,0.3343,3404528910,3404528911,1767340872324,False,True,2026-01-02 08:01:12.324
1850439563,3019.58,0.0377,3404528912,3404528915,1767340872324,False,True,2026-01-02 08:01:12.324
1850439564,3019.6,0.0038,3404528916,3404528917,1767340872324,False,True,2026-01-02 08:01:12.324
1850439565,3019.61,0.0564,3404528918,3404528920,1767340872324,False,True,2026-01-02 08:01:12.324
1850439566,3019.63,0.0086,3404528921,3404528922,1767340872324,False,True,2026-01-02 08:01:12.324
1850439567,3019.65,0.0018,3404528923,3404528923,1767340872324,False,True,2026-01-02 08:01:12.324
1850439568,3019.66,0.0017,3404528924,3404528924,1767340872324,False,True,2026-01-02 08:01:12.324
1850439569,3019.67,0.0054,3404528925,3404528927,1767340872324,False,True,2026-01-02 08:01:12.324
1850439570,3019.68,0.077,3404528928,3404528928,1767340872324,False,True,2026-01-02 08:01:12.324
1850439571,3019.69,0.0233,3404528929,3404528938,1767340872327,False,True,2026-01-02 08:01:12.327
1850439572,3019.7,0.061,3404528939,3404528970,1767340872331,False,True,2026-01-02 08:01:12.331
1850439573,3019.71,0.0136,3404528971,3404528978,1767340872331,False,True,2026-01-02 08:01:12.331
1850439574,3019.76,0.0018,3404528979,3404528979,1767340872331,False,True,2026-01-02 08:01:12.331
1850439575,3019.78,0.0072,3404528980,3404528983,1767340872331,False,True,2026-01-02 08:01:12.331
1850439576,3019.79,0.1813,3404528984,3404528984,1767340872331,False,True,2026-01-02 08:01:12.331
1850439577,3019.79,0.0549,3404528985,3404528987,1767340872331,False,True,2026-01-02 08:01:12.331
1850439578,3019.8,0.008,3404528988,3404528991,1767340872331,False,True,2026-01-02 08:01:12.331
1850439579,3019.85,0.0113,3404528992,3404528993,1767340872331,False,True,2026-01-02 08:01:12.331
1850439580,3019.86,0.0036,3404528994,3404528995,1767340872331,False,True,2026-01-02 08:01:12.331
1850439581,3019.87,0.1418,3404528996,3404528997,1767340872331,False,True,2026-01-02 08:01:12.331
1850439582,3019.88,0.0548,3404528998,3404528999,1767340872331,False,True,2026-01-02 08:01:12.331
1850439583,3019.9,0.0038,3404529000,3404529001,1767340872331,False,True,2026-01-02 08:01:12.331
1850439584,3019.91,0.0018,3404529002,3404529002,1767340872331,False,True,2026-01-02 08:01:12.331
1850439585,3019.94,0.0071,3404529003,3404529006,1767340872331,False,True,2026-01-02 08:01:12.331
1850439586,3019.95,0.0054,3404529007,3404529009,1767340872331,False,True,2026-01-02 08:01:12.331
1850439587,3019.96,0.0252,3404529010,3404529011,1767340872331,False,True,2026-01-02 08:01:12.331
1850439588,3019.99,0.0035,3404529012,3404529013,1767340872331,False,True,2026-01-02 08:01:12.331
1850439589,3020.0,0.0762,3404529014,3404529016,1767340872331,False,True,2026-01-02 08:01:12.331
1850439590,3020.0,0.2586,3404529017,3404529017,1767340872331,False,True,2026-01-02 08:01:12.331
1850439591,3020.03,0.2381,3404529018,3404529018,1767340872331,False,True,2026-01-02 08:01:12.331
1850439592,3020.03,0.0268,3404529019,3404529019,1767340872331,False,True,2026-01-02 08:01:12.331
1850439593,3020.05,0.0034,3404529020,3404529020,1767340872331,False,True,2026-01-02 08:01:12.331
1850439594,3020.08,0.0017,3404529021,3404529021,1767340872331,False,True,2026-01-02 08:01:12.331
1850439595,3020.09,0.233,3404529022,3404529022,1767340872331,False,True,2026-01-02 08:01:12.331
1850439596,3020.06,0.0019,3404529023,3404529023,1767340872334,False,True,2026-01-02 08:01:12.334
1850439597,3020.06,0.0552,3404529024,3404529024,1767340872345,False,True,2026-01-02 08:01:12.345
1850439598,3020.05,1.2895,3404529025,3404529035,1767340872579,True,True,2026-01-02 08:01:12.579
1850439599,3020.04,0.0066,3404529036,3404529036,1767340872579,True,True,2026-01-02 08:01:12.579
1850439600,3020.0,0.0071,3404529037,3404529040,1767340872579,True,True,2026-01-02 08:01:12.579
1850439601,3019.99,2.4724,3404529041,3404529041,1767340872579,True,True,2026-01-02 08:01:12.579
1850439602,3019.98,0.0017,3404529042,3404529042,1767340872579,True,True,2026-01-02 08:01:12.579
1850439603,3019.94,0.0071,3404529043,3404529046,1767340872579,True,True,2026-01-02 08:01:12.579
1850439604,3019.93,1.0736,3404529047,3404529048,1767340872579,True,True,2026-01-02 08:01:12.579
1850439605,3019.92,0.0017,3404529049,3404529049,1767340872579,True,True,2026-01-02 08:01:12.579
1850439606,3019.91,0.0054,3404529050,3404529052,1767340872579,True,True,2026-01-02 08:01:12.579
1850439607,3019.9,0.8496,3404529053,3404529057,1767340872579,True,True,2026-01-02 08:01:12.579
1850439608,3019.89,0.531,3404529058,3404529059,1767340872579,True,True,2026-01-02 08:01:12.579
1850439609,3019.88,3.1951,3404529060,3404529060,1767340872579,True,True,2026-01-02 08:01:12.579
1850439610,3019.8,0.0017,3404529061,3404529061,1767340872579,True,True,2026-01-02 08:01:12.579
1850439611,3019.79,5.9907,3404529062,3404529063,1767340872579,True,True,2026-01-02 08:01:12.579
1850439612,3019.78,0.0034,3404529064,3404529064,1767340872579,True,True,2026-01-02 08:01:12.579
1850439613,3019.77,0.05,3404529065,3404529065,1767340872579,True,True,2026-01-02 08:01:12.579
1850439614,3019.7,8.27,3404529066,3404529066,1767340872579,True,True,2026-01-02 08:01:12.579
1850439615,3019.69,8.0957,3404529067,3404529068,1767340872579,True,True,2026-01-02 08:01:12.579
1850439616,3019.69,0.0039,3404529069,3404529069,1767340875004,True,True,2026-01-02 08:01:15.004
1850439617,3019.7,0.6999,3404529070,3404529129,1767340875031,False,True,2026-01-02 08:01:15.031
1850439618,3019.71,0.0205,3404529130,3404529141,1767340875031,False,True,2026-01-02 08:01:15.031
1850439619,3019.73,0.0035,3404529142,3404529143,1767340875031,False,True,2026-01-02 08:01:15.031
1850439620,3019.75,0.0072,3404529144,3404529147,1767340875031,False,True,2026-01-02 08:01:15.031
1850439621,3019.76,0.3451,3404529148,3404529152,1767340875031,False,True,2026-01-02 08:01:15.031
1850439622,3019.77,0.0018,3404529153,3404529153,1767340875031,False,True,2026-01-02 08:01:15.031
1850439623,3019.79,0.0018,3404529154,3404529154,1767340875031,False,True,2026-01-02 08:01:15.031
1850439624,3019.8,0.0035,3404529155,3404529156,1767340875031,False,True,2026-01-02 08:01:15.031
1850439625,3019.83,0.0018,3404529157,3404529157,1767340875031,False,True,2026-01-02 08:01:15.031
1850439626,3019.84,0.0249,3404529158,3404529163,1767340875031,False,True,2026-01-02 08:01:15.031
1850439627,3019.85,2.4618,3404529164,3404529164,1767340875031,False,True,2026-01-02 08:01:15.031
1850439628,3019.85,0.0525,3404529165,3404529188,1767340875066,False,True,2026-01-02 08:01:15.066
1850439629,3019.86,0.0102,3404529189,3404529194,1767340875066,False,True,2026-01-02 08:01:15.066
1850439630,3019.88,0.0054,3404529195,3404529197,1767340875066,False,True,2026-01-02 08:01:15.066
1850439631,3019.89,0.1444,3404529198,3404529200,1767340875066,False,True,2026-01-02 08:01:15.066
1850439632,3019.9,0.0038,3404529201,3404529202,1767340875066,False,True,2026-01-02 08:01:15.066
1850439633,3019.94,0.0035,3404529203,3404529204,1767340875066,False,True,2026-01-02 08:01:15.066
1850439634,3019.98,0.0072,3404529205,3404529208,1767340875066,False,True,2026-01-02 08:01:15.066
1850439635,3019.99,0.0041,3404529209,3404529209,1767340875757,False,True,2026-01-02 08:01:15.757
1850439636,3019.98,0.0016,3404529210,3404529210,1767340876099,True,True,2026-01-02 08:01:16.099
1850439637,3019.99,0.0099,3404529211,3404529211,1767340876124,False,True,2026-01-02 08:01:16.124
1850439638,3019.98,0.0653,3404529212,3404529212,1767340878469,True,True,2026-01-02 08:01:18.469
1850439639,3019.99,0.7017,3404529213,3404529267,1767340879216,False,True,2026-01-02 08:01:19.216
1850439640,3020.0,0.0171,3404529268,3404529277,1767340879216,False,True,2026-01-02 08:01:19.216
1850439641,3020.02,0.0018,3404529278,3404529278,1767340879216,False,True,2026-01-02 08:01:19.216
1850439642,3020.03,0.0018,3404529279,3404529279,1767340879216,False,True,2026-01-02 08:01:19.216
1850439643,3020.04,0.0018,3404529280,3404529280,1767340879216,False,True,2026-01-02 08:01:19.216
1850439644,3020.05,0.0564,3404529281,3404529283,1767340879216,False,True,2026-01-02 08:01:19.216
1850439645,3020.06,0.0018,3404529284,3404529284,1767340879216,False,True,2026-01-02 08:01:19.216
1850439646,3020.08,0.0035,3404529285,3404529286,1767340879216,False,True,2026-01-02 08:01:19.216
1850439647,3020.09,0.0089,3404529287,3404529291,1767340879216,False,True,2026-01-02 08:01:19.216
1850439648,3020.1,0.0834,3404529292,3404529295,1767340879216,False,True,2026-01-02 08:01:19.216
1850439649,3020.13,0.0122,3404529296,3404529299,1767340879216,False,True,2026-01-02 08:01:19.216
1850439650,3020.14,0.1022,3404529300,3404529350,1767340879264,False,True,2026-01-02 08:01:19.264
1850439651,3020.15,0.1248,3404529351,3404529365,1767340879264,False,True,2026-01-02 08:01:19.264
1850439652,3020.18,0.0054,3404529366,3404529368,1767340879264,False,True,2026-01-02 08:01:19.264
1850439653,3020.19,0.0346,3404529369,3404529369,1767340879264,False,True,2026-01-02 08:01:19.264
1850439654,3020.19,0.1578,3404529370,3404529395,1767340879280,False,True,2026-01-02 08:01:19.280
1850439655,3020.2,0.0208,3404529396,3404529407,1767340879280,False,True,2026-01-02 08:01:19.280
1850439656,3020.22,0.0035,3404529408,3404529409,1767340879280,False,True,2026-01-02 08:01:19.280
1850439657,3020.24,0.0072,3404529410,3404529413,1767340879280,False,True,2026-01-02 08:01:19.280
1850439658,3020.25,0.3073,3404529414,3404529414,1767340879280,False,True,2026-01-02 08:01:19.280
1850439659,3020.25,0.0586,3404529415,3404529415,1767340879280,False,True,2026-01-02 08:01:19.280
1850439660,3020.25,0.0112,3404529416,3404529416,1767340879446,False,True,2026-01-02 08:01:19.446
1850439661,3020.25,0.2138,3404529417,3404529452,1767340879501,False,True,2026-01-02 08:01:19.501
1850439662,3020.26,0.0825,3404529453,3404529462,1767340879501,False,True,2026-01-02 08:01:19.501
1850439663,3020.3,0.0038,3404529463,3404529464,1767340879501,False,True,2026-01-02 08:01:19.501
1850439664,3020.31,0.0018,3404529465,3404529465,1767340879501,False,True,2026-01-02 08:01:19.501
1850439665,3020.32,0.0122,3404529466,3404529470,1767340879501,False,True,2026-01-02 08:01:19.501
1850439666,3020.33,0.0058,3404529471,3404529471,1767340879501,False,True,2026-01-02 08:01:19.501
1850439667,3020.33,0.0671,3404529472,3404529472,1767340879502,False,True,2026-01-02 08:01:19.502
1850439668,3020.33,0.1977,3404529473,3404529474,1767340879508,False,True,2026-01-02 08:01:19.508
1850439669,3020.33,0.1462,3404529475,3404529498,1767340879508,False,True,2026-01-02 08:01:19.508
1850439670,3020.34,0.0103,3404529499,3404529504,1767340879508,False,True,2026-01-02 08:01:19.508
1850439671,3020.35,0.0018,3404529505,3404529505,1767340879508,False,True,2026-01-02 08:01:19.508
1850439672,3020.36,0.0035,3404529506,3404529507,1767340879508,False,True,2026-01-02 08:01:19.508
1850439673,3020.37,0.0212,3404529508,3404529510,1767340879508,False,True,2026-01-02 08:01:19.508
1850439674,3020.4,0.0063,3404529511,3404529513,1767340879508,False,True,2026-01-02 08:01:19.508
1850439675,3020.42,0.0283,3404529514,3404529515,1767340879508,False,True,2026-01-02 08:01:19.508
1850439676,3020.44,0.0035,3404529516,3404529517,1767340879508,False,True,2026-01-02 08:01:19.508
1850439677,3020.47,0.0018,3404529518,3404529518,1767340879508,False,True,2026-01-02 08:01:19.508
1850439678,3020.48,0.0044,3404529519,3404529520,1767340879508,False,True,2026-01-02 08:01:19.508
1850439679,3020.49,0.0364,3404529521,3404529524,1767340879508,False,True,2026-01-02 08:01:19.508
1850439680,3020.5,0.0011,3404529525,3404529525,1767340879508,False,True,2026-01-02 08:01:19.508
1850439681,3020.5,0.062,3404529526,3404529526,1767340879508,False,True,2026-01-02 08:01:19.508
1850439682,3020.5,0.6681,3404529527,3404529579,1767340880363,False,True,2026-01-02 08:01:20.363
1850439683,3020.51,0.0154,3404529580,3404529588,1767340880363,False,True,2026-01-02 08:01:20.363
1850439684,3020.53,0.0018,3404529589,3404529589,1767340880365,False,True,2026-01-02 08:01:20.365
1850439685,3020.54,0.0018,3404529590,3404529590,1767340880365,False,True,2026-01-02 08:01:20.365
1850439686,3020.55,0.0018,3404529591,3404529591,1767340880365,False,True,2026-01-02 08:01:20.365
1850439687,3020.56,0.1546,3404529592,3404529600,1767340880366,False,True,2026-01-02 08:01:20.366
1850439688,3020.6,0.0038,3404529601,3404529602,1767340880366,False,True,2026-01-02 08:01:20.366
1850439689,3020.62,0.0018,3404529603,3404529603,1767340880366,False,True,2026-01-02 08:01:20.366
1850439690,3020.63,0.0581,3404529604,3404529607,1767340880366,False,True,2026-01-02 08:01:20.366
1850439691,3020.64,0.0089,3404529608,3404529612,1767340880366,False,True,2026-01-02 08:01:20.366
1850439692,3020.64,0.1838,3404529613,3404529621,1767340880866,True,True,2026-01-02 08:01:20.866
1850439693,3020.57,0.0054,3404529622,3404529624,1767340880866,True,True,2026-01-02 08:01:20.866
1850439694,3020.56,6.7373,3404529625,3404529634,1767340881415,True,True,2026-01-02 08:01:21.415
1850439695,3020.55,0.0054,3404529635,3404529637,1767340881415,True,True,2026-01-02 08:01:21.415
1850439696,3020.54,6.4008,3404529638,3404529638,1767340881415,True,True,2026-01-02 08:01:21.415
1850439697,3020.53,0.0017,3404529639,3404529639,1767340881415,True,True,2026-01-02 08:01:21.415
1850439698,3020.51,0.0054,3404529640,3404529642,1767340881415,True,True,2026-01-02 08:01:21.415
1850439699,3020.5,8.2617,3404529643,3404529644,1767340881417,True,True,2026-01-02 08:01:21.417
1850439700,3020.49,0.0018,3404529645,3404529645,1767340881417,True,True,2026-01-02 08:01:21.417
1850439701,3020.48,0.4908,3404529646,3404529646,1767340881417,True,True,2026-01-02 08:01:21.417
1850439702,3020.46,0.5158,3404529647,3404529647,1767340881417,True,True,2026-01-02 08:01:21.417
1850439703,3020.46,0.0018,3404529648,3404529649,1767340881417,True,True,2026-01-02 08:01:21.417
1850439704,3020.36,0.2458,3404529650,3404529656,1767340881420,True,True,2026-01-02 08:01:21.420
1850439705,3020.35,0.0105,3404529657,3404529662,1767340881420,True,True,2026-01-02 08:01:21.420
1850439706,3020.34,2.9796,3404529663,3404529663,1767340881420,True,True,2026-01-02 08:01:21.420
1850439707,3020.27,0.0025,3404529664,3404529664,1767340881420,True,True,2026-01-02 08:01:21.420
1850439708,3020.25,0.0054,3404529665,3404529667,1767340881420,True,True,2026-01-02 08:01:21.420
1850439709,3020.23,0.0017,3404529668,3404529668,1767340881420,True,True,2026-01-02 08:01:21.420
1850439710,3020.22,0.0017,3404529669,3404529669,1767340881420,True,True,2026-01-02 08:01:21.420
1850439711,3020.19,0.0341,3404529670,3404529674,1767340881420,True,True,2026-01-02 08:01:21.420
1850439712,3020.16,0.0236,3404529675,3404529678,1767340881420,True,True,2026-01-02 08:01:21.420
1850439713,3020.12,0.0068,3404529679,3404529681,1767340881420,True,True,2026-01-02 08:01:21.420
1850439714,3020.11,0.0095,3404529682,3404529682,1767340881420,True,True,2026-01-02 08:01:21.420
1850439715,3020.1,0.1,3404529683,3404529683,1767340881420,True,True,2026-01-02 08:01:21.420
1850439716,3020.08,0.1737,3404529684,3404529686,1767340881420,True,True,2026-01-02 08:01:21.420
1850439717,3020.04,0.035,3404529687,3404529688,1767340881420,True,True,2026-01-02 08:01:21.420
1850439718,3020.0,0.0054,3404529689,3404529691,1767340881420,True,True,2026-01-02 08:01:21.420
1850439719,3019.99,0.4696,3404529692,3404529693,1767340881420,True,True,2026-01-02 08:01:21.420
1850439720,3019.99,0.2,3404529694,3404529695,1767340881421,True,True,2026-01-02 08:01:21.421
1850439721,3019.99,0.1,3404529696,3404529696,1767340881421,True,True,2026-01-02 08:01:21.421
1850439722,3019.99,0.2648,3404529697,3404529700,1767340881423,True,True,2026-01-02 08:01:21.423
1850439723,3019.99,0.3972,3404529701,3404529701,1767340881423,True,True,2026-01-02 08:01:21.423
1850439724,3019.99,0.2648,3404529702,3404529702,1767340881424,True,True,2026-01-02 08:01:21.424
1850439725,3019.99,0.4965,3404529703,3404529706,1767340881424,True,True,2026-01-02 08:01:21.424
1850439726,3019.99,0.0019,3404529707,3404529707,1767340881425,True,True,2026-01-02 08:01:21.425
1850439727,3019.99,0.331,3404529708,3404529709,1767340881425,True,True,2026-01-02 08:01:21.425
1850439728,3019.99,0.3311,3404529710,3404529729,1767340881449,True,True,2026-01-02 08:01:21.449
1850439729,3019.99,0.0681,3404529730,3404529730,1767340881450,True,True,2026-01-02 08:01:21.450
1850439730,3019.99,0.1132,3404529731,3404529744,1767340881456,True,True,2026-01-02 08:01:21.456
1850439731,3019.98,0.1157,3404529745,3404529758,1767340881456,True,True,2026-01-02 08:01:21.456
1850439732,3019.97,0.0079,3404529759,3404529762,1767340881456,True,True,2026-01-02 08:01:21.456
1850439733,3019.96,0.0054,3404529763,3404529765,1767340881456,True,True,2026-01-02 08:01:21.456
1850439734,3019.94,0.0071,3404529766,3404529769,1767340881456,True,True,2026-01-02 08:01:21.456
1850439735,3019.89,0.0818,3404529770,3404529771,1767340881456,True,True,2026-01-02 08:01:21.456
1850439736,3019.89,0.0605,3404529772,3404529773,1767340881457,True,True,2026-01-02 08:01:21.457
1850439737,3019.88,0.0053,3404529774,3404529776,1767340881457,True,True,2026-01-02 08:01:21.457
1850439738,3019.83,0.2653,3404529777,3404529777,1767340881457,True,True,2026-01-02 08:01:21.457
1850439739,3019.83,0.459,3404529778,3404529778,1767340881458,True,True,2026-01-02 08:01:21.458
1850439740,3019.83,0.0153,3404529779,3404529787,1767340881459,True,True,2026-01-02 08:01:21.459
1850439741,3019.82,0.0806,3404529788,3404529790,1767340881459,True,True,2026-01-02 08:01:21.459
1850439742,3019.81,0.0034,3404529791,3404529791,1767340881459,True,True,2026-01-02 08:01:21.459
1850439743,3019.8,0.0017,3404529792,3404529792,1767340881459,True,True,2026-01-02 08:01:21.459
1850439744,3019.78,0.1,3404529793,3404529793,1767340881459,True,True,2026-01-02 08:01:21.459
1850439745,3019.77,0.0017,3404529794,3404529794,1767340881459,True,True,2026-01-02 08:01:21.459
1850439746,3019.72,0.0034,3404529795,3404529795,1767340881459,True,True,2026-01-02 08:01:21.459
1850439747,3019.7,0.002,3404529796,3404529796,1767340881459,True,True,2026-01-02 08:01:21.459
1850439748,3019.68,0.2509,3404529797,3404529797,1767340881459,True,True,2026-01-02 08:01:21.459
1850439749,3019.68,0.459,3404529798,3404529798,1767340881459,True,True,2026-01-02 08:01:21.459
1850439750,3019.68,0.3697,3404529799,3404529800,1767340881460,True,True,2026-01-02 08:01:21.460
1850439751,3019.67,0.0093,3404529801,3404529802,1767340881460,True,True,2026-01-02 08:01:21.460
1850439752,3019.66,0.0017,3404529803,3404529803,1767340881460,True,True,2026-01-02 08:01:21.460
1850439753,3019.6,0.0054,3404529804,3404529805,1767340881460,True,True,2026-01-02 08:01:21.460
1850439754,3019.57,0.0729,3404529806,3404529806,1767340881460,True,True,2026-01-02 08:01:21.460
1850439755,3019.68,0.459,3404529807,3404529808,1767340881476,True,True,2026-01-02 08:01:21.476
1850439756,3019.69,0.0132,3404529809,3404529809,1767340881679,False,True,2026-01-02 08:01:21.679
1850439757,3019.68,14.6284,3404529810,3404529830,1767340881933,True,True,2026-01-02 08:01:21.933
1850439758,3019.67,0.0071,3404529831,3404529834,1767340881933,True,True,2026-01-02 08:01:21.933
1850439759,3019.65,0.0017,3404529835,3404529835,1767340881933,True,True,2026-01-02 08:01:21.933
1850439760,3019.62,0.0054,3404529836,3404529838,1767340881934,True,True,2026-01-02 08:01:21.934
1850439761,3019.61,0.3421,3404529839,3404529839,1767340881934,True,True,2026-01-02 08:01:21.934
1850439762,3019.58,0.0054,3404529840,3404529842,1767340881934,True,True,2026-01-02 08:01:21.934
1850439763,3019.57,0.118,3404529843,3404529848,1767340881934,True,True,2026-01-02 08:01:21.934
1850439764,3019.56,0.3311,3404529849,3404529849,1767340881934,True,True,2026-01-02 08:01:21.934
1850439765,3019.55,0.0017,3404529850,3404529850,1767340881934,True,True,2026-01-02 08:01:21.934
1850439766,3019.52,0.0036,3404529851,3404529852,1767340881934,True,True,2026-01-02 08:01:21.934
1850439767,3019.51,0.3293,3404529853,3404529855,1767340881934,True,True,2026-01-02 08:01:21.934
1850439768,3019.51,1.1366,3404529856,3404529856,1767340881934,True,True,2026-01-02 08:01:21.934
1850439769,3019.51,1.1366,3404529857,3404529857,1767340881934,True,True,2026-01-02 08:01:21.934
1850439770,3019.51,0.3833,3404529858,3404529859,1767340881934,True,True,2026-01-02 08:01:21.934
1850439771,3019.5,0.3311,3404529860,3404529860,1767340881934,True,True,2026-01-02 08:01:21.934
1850439772,3019.5,0.0019,3404529861,3404529862,1767340881937,True,True,2026-01-02 08:01:21.937
1850439773,3019.5,0.0066,3404529863,3404529866,1767340881938,True,True,2026-01-02 08:01:21.938
1850439774,3019.46,0.0173,3404529867,3404529876,1767340881938,True,True,2026-01-02 08:01:21.938
1850439775,3019.45,0.3072,3404529877,3404529877,1767340881938,True,True,2026-01-02 08:01:21.938
1850439776,3019.45,0.1366,3404529878,3404529882,1767340881939,True,True,2026-01-02 08:01:21.939
1850439777,3019.44,0.0234,3404529883,3404529889,1767340881939,True,True,2026-01-02 08:01:21.939
1850439778,3019.43,0.0054,3404529890,3404529892,1767340881939,True,True,2026-01-02 08:01:21.939
1850439779,3019.41,0.0018,3404529893,3404529893,1767340881939,True,True,2026-01-02 08:01:21.939
1850439780,3019.4,0.002,3404529894,3404529894,1767340881939,True,True,2026-01-02 08:01:21.939
1850439781,3019.38,0.0017,3404529895,3404529895,1767340881939,True,True,2026-01-02 08:01:21.939
1850439782,3019.37,0.0025,3404529896,3404529896,1767340881939,True,True,2026-01-02 08:01:21.939
1850439783,3019.36,0.0508,3404529897,3404529897,1767340881939,True,True,2026-01-02 08:01:21.939
1850439784,3019.36,0.051,3404529898,3404529898,1767340881944,True,True,2026-01-02 08:01:21.944
1850439785,3019.36,0.459,3404529899,3404529899,1767340881946,True,True,2026-01-02 08:01:21.946
1850439786,3019.36,0.459,3404529900,3404529900,1767340881947,True,True,2026-01-02 08:01:21.947
1850439787,3019.36,0.459,3404529901,3404529901,1767340881948,True,True,2026-01-02 08:01:21.948
1850439788,3019.36,0.459,3404529902,3404529902,1767340881948,True,True,2026-01-02 08:01:21.948
1850439789,3019.36,0.459,3404529903,3404529903,1767340881948,True,True,2026-01-02 08:01:21.948
1850439790,3019.36,0.459,3404529904,3404529904,1767340882265,True,True,2026-01-02 08:01:22.265
1850439791,3019.36,16.795,3404529905,3404529914,1767340882267,True,True,2026-01-02 08:01:22.267
1850439792,3019.35,0.0034,3404529915,3404529916,1767340882267,True,True,2026-01-02 08:01:22.267
1850439793,3019.32,0.0017,3404529917,3404529917,1767340882267,True,True,2026-01-02 08:01:22.267
1850439794,3019.28,0.0054,3404529918,3404529920,1767340882267,True,True,2026-01-02 08:01:22.267
1850439795,3019.27,0.2381,3404529921,3404529921,1767340882267,True,True,2026-01-02 08:01:22.267
1850439796,3019.24,0.0017,3404529922,3404529922,1767340882267,True,True,2026-01-02 08:01:22.267
1850439797,3019.21,0.0054,3404529923,3404529925,1767340882267,True,True,2026-01-02 08:01:22.267
1850439798,3019.2,0.2033,3404529926,3404529926,1767340882267,True,True,2026-01-02 08:01:22.267
1850439799,3019.2,0.459,3404529927,3404529927,1767340882267,True,True,2026-01-02 08:01:22.267
1850439800,3019.2,0.459,3404529928,3404529928,1767340882268,True,True,2026-01-02 08:01:22.268
1850439801,3019.2,0.459,3404529929,3404529929,1767340882268,True,True,2026-01-02 08:01:22.268
1850439802,3019.21,0.0197,3404529930,3404529930,1767340882712,False,True,2026-01-02 08:01:22.712
1850439803,3019.21,0.0382,3404529931,3404529931,1767340882787,False,True,2026-01-02 08:01:22.787
1850439804,3019.2,0.0078,3404529932,3404529932,1767340884033,True,True,2026-01-02 08:01:24.033
1850439805,3019.21,0.0045,3404529933,3404529933,1767340885102,False,True,2026-01-02 08:01:25.102
1850439806,3019.21,0.0051,3404529934,3404529934,1767340885557,False,True,2026-01-02 08:01:25.557
1850439807,3019.2,0.006,3404529935,3404529935,1767340885559,True,True,2026-01-02 08:01:25.559
1850439808,3019.2,0.2945,3404529936,3404529936,1767340886734,True,True,2026-01-02 08:01:26.734
1850439809,3019.2,17.5508,3404529937,3404529955,1767340887141,True,True,2026-01-02 08:01:27.141
1850439810,3019.18,0.0054,3404529956,3404529958,1767340887141,True,True,2026-01-02 08:01:27.141
1850439811,3019.17,0.1513,3404529959,3404529959,1767340887141,True,True,2026-01-02 08:01:27.141
1850439812,3019.16,0.0054,3404529960,3404529962,1767340887141,True,True,2026-01-02 08:01:27.141
1850439813,3019.15,0.3853,3404529963,3404529964,1767340887143,True,True,2026-01-02 08:01:27.143
1850439814,3019.14,0.0017,3404529965,3404529965,1767340887143,True,True,2026-01-02 08:01:27.143
1850439815,3019.12,0.05,3404529966,3404529966,1767340887143,True,True,2026-01-02 08:01:27.143
1850439816,3019.11,0.0017,3404529967,3404529967,1767340887143,True,True,2026-01-02 08:01:27.143
1850439817,3019.1,0.0071,3404529968,3404529971,1767340887143,True,True,2026-01-02 08:01:27.143
1850439818,3019.09,0.0121,3404529972,3404529976,1767340887143,True,True,2026-01-02 08:01:27.143
1850439819,3019.07,0.0018,3404529977,3404529977,1767340887143,True,True,2026-01-02 08:01:27.143
1850439820,3019.05,16.522,3404529978,3404529978,1767340887143,True,True,2026-01-02 08:01:27.143
1850439821,3019.04,6.1964,3404529979,3404529980,1767340887143,True,True,2026-01-02 08:01:27.143
1850439822,3019.03,0.016,3404529981,3404529981,1767340887143,True,True,2026-01-02 08:01:27.143
1850439823,3019.02,2.9828,3404529982,3404529983,1767340887143,True,True,2026-01-02 08:01:27.143
1850439824,3019.01,0.0034,3404529984,3404529984,1767340887143,True,True,2026-01-02 08:01:27.143
1850439825,3019.0,0.3349,3404529985,3404529987,1767340887143,True,True,2026-01-02 08:01:27.143
1850439826,3018.99,0.05,3404529988,3404529988,1767340887143,True,True,2026-01-02 08:01:27.143
1850439827,3018.97,0.0643,3404529989,3404529991,1767340887143,True,True,2026-01-02 08:01:27.143
1850439828,3018.96,0.0017,3404529992,3404529992,1767340887143,True,True,2026-01-02 08:01:27.143
1850439829,3018.94,1.9867,3404529993,3404529993,1767340887143,True,True,2026-01-02 08:01:27.143
1850439830,3018.92,0.0034,3404529994,3404529994,1767340887143,True,True,2026-01-02 08:01:27.143
1850439831,3018.9,0.002,3404529995,3404529995,1767340887143,True,True,2026-01-02 08:01:27.143
1850439832,3018.89,16.8616,3404529996,3404529998,1767340887143,True,True,2026-01-02 08:01:27.143
1850439833,3018.88,5.7723,3404529999,3404530002,1767340887143,True,True,2026-01-02 08:01:27.143
1850439834,3018.87,0.0017,3404530003,3404530003,1767340887143,True,True,2026-01-02 08:01:27.143
1850439835,3018.86,0.315,3404530004,3404530005,1767340887143,True,True,2026-01-02 08:01:27.143
1850439836,3018.83,0.3377,3404530006,3404530008,1767340887143,True,True,2026-01-02 08:01:27.143
1850439837,3018.82,0.4211,3404530009,3404530011,1767340887143,True,True,2026-01-02 08:01:27.143
1850439838,3018.8,0.079,3404530012,3404530013,1767340887143,True,True,2026-01-02 08:01:27.143
1850439839,3018.79,1.105,3404530014,3404530015,1767340887143,True,True,2026-01-02 08:01:27.143
1850439840,3018.75,0.0348,3404530016,3404530017,1767340887143,True,True,2026-01-02 08:01:27.143
1850439841,3018.73,10.4587,3404530018,3404530019,1767340887143,True,True,2026-01-02 08:01:27.143
1850439842,3018.71,0.0034,3404530020,3404530020,1767340887143,True,True,2026-01-02 08:01:27.143
1850439843,3018.7,1.1589,3404530021,3404530023,1767340887143,True,True,2026-01-02 08:01:27.143
1850439844,3018.69,0.1077,3404530024,3404530025,1767340887143,True,True,2026-01-02 08:01:27.143
1850439845,3018.69,0.4251,3404530026,3404530026,1767340887143,True,True,2026-01-02 08:01:27.143
1850439846,3019.06,0.0054,3404530027,3404530029,1767340887145,True,True,2026-01-02 08:01:27.145
1850439847,3018.69,0.3312,3404530030,3404530030,1767340887147,True,True,2026-01-02 08:01:27.147
1850439848,3018.68,0.0051,3404530031,3404530033,1767340887147,True,True,2026-01-02 08:01:27.147
1850439849,3018.6,0.052,3404530034,3404530035,1767340887147,True,True,2026-01-02 08:01:27.147
1850439850,3018.65,0.0018,3404530036,3404530036,1767340887148,True,True,2026-01-02 08:01:27.148
1850439851,3018.59,0.1165,3404530037,3404530038,1767340887148,True,True,2026-01-02 08:01:27.148
1850439852,3018.56,0.2147,3404530039,3404530039,1767340887148,True,True,2026-01-02 08:01:27.148
1850439853,3018.56,0.0019,3404530040,3404530040,1767340887148,True,True,2026-01-02 08:01:27.148
1850439854,3018.56,0.0137,3404530041,3404530048,1767340887149,True,True,2026-01-02 08:01:27.149
1850439855,3018.55,0.4831,3404530049,3404530050,1767340887149,True,True,2026-01-02 08:01:27.149
1850439856,3018.55,0.2649,3404530051,3404530052,1767340887149,True,True,2026-01-02 08:01:27.149
1850439857,3018.55,0.0018,3404530053,3404530053,1767340887151,True,True,2026-01-02 08:01:27.151
1850439858,3018.54,0.0415,3404530054,3404530055,1767340887151,True,True,2026-01-02 08:01:27.151
1850439859,3018.52,0.0017,3404530056,3404530056,1767340887151,True,True,2026-01-02 08:01:27.151
1850439860,3018.51,0.3524,3404530057,3404530057,1767340887151,True,True,2026-01-02 08:01:27.151
1850439861,3018.51,0.0976,3404530058,3404530058,1767340887151,True,True,2026-01-02 08:01:27.151
1850439862,3018.5,0.1673,3404530059,3404530059,1767340887151,True,True,2026-01-02 08:01:27.151
1850439863,3018.54,0.0018,3404530060,3404530060,1767340887153,True,True,2026-01-02 08:01:27.153
1850439864,3018.5,0.3294,3404530061,3404530061,1767340887153,True,True,2026-01-02 08:01:27.153
1850439865,3018.5,0.4,3404530062,3404530062,1767340887153,True,True,2026-01-02 08:01:27.153
1850439866,3018.5,4.3444,3404530063,3404530065,1767340887154,True,True,2026-01-02 08:01:27.154
1850439867,3018.48,0.035,3404530066,3404530068,1767340887154,True,True,2026-01-02 08:01:27.154
1850439868,3018.47,0.0059,3404530069,3404530070,1767340887154,True,True,2026-01-02 08:01:27.154
1850439869,3018.45,0.0663,3404530071,3404530071,1767340887154,True,True,2026-01-02 08:01:27.154
1850439870,3018.42,0.463,3404530072,3404530073,1767340887154,True,True,2026-01-02 08:01:27.154
1850439871,3018.41,0.0017,3404530074,3404530074,1767340887154,True,True,2026-01-02 08:01:27.154
1850439872,3018.4,0.0037,3404530075,3404530076,1767340887154,True,True,2026-01-02 08:01:27.154
1850439873,3018.39,0.0034,3404530077,3404530077,1767340887154,True,True,2026-01-02 08:01:27.154
1850439874,3018.33,0.1,3404530078,3404530078,1767340887155,True,True,2026-01-02 08:01:27.155
1850439875,3018.33,0.3313,3404530079,3404530079,1767340887159,True,True,2026-01-02 08:01:27.159
1850439876,3018.33,0.459,3404530080,3404530080,1767340887165,True,True,2026-01-02 08:01:27.165
1850439877,3018.33,0.459,3404530081,3404530082,1767340887165,True,True,2026-01-02 08:01:27.165
1850439878,3018.33,0.8058,3404530083,3404530084,1767340887168,True,True,2026-01-02 08:01:27.168
1850439879,3018.33,0.459,3404530085,3404530086,1767340887168,True,True,2026-01-02 08:01:27.168
1850439880,3018.33,0.9133,3404530087,3404530087,1767340887169,True,True,2026-01-02 08:01:27.169
1850439881,3018.33,0.3806,3404530088,3404530088,1767340887169,True,True,2026-01-02 08:01:27.169
1850439882,3018.33,0.2083,3404530089,3404530089,1767340887169,True,True,2026-01-02 08:01:27.169
1850439883,3018.33,0.459,3404530090,3404530090,1767340887169,True,True,2026-01-02 08:01:27.169
1850439884,3018.33,0.6425,3404530091,3404530091,1767340887170,True,True,2026-01-02 08:01:27.170
1850439885,3018.33,1.6848,3404530092,3404530093,1767340887170,True,True,2026-01-02 08:01:27.170
1850439886,3018.33,0.459,3404530094,3404530094,1767340887170,True,True,2026-01-02 08:01:27.170
1850439887,3018.33,0.1,3404530095,3404530096,1767340887171,True,True,2026-01-02 08:01:27.171
1850439888,3018.33,0.349,3404530097,3404530097,1767340887172,True,True,2026-01-02 08:01:27.172
1850439889,3018.33,0.2,3404530098,3404530098,1767340887175,True,True,2026-01-02 08:01:27.175
1850439890,3018.33,0.065,3404530099,3404530099,1767340887176,True,True,2026-01-02 08:01:27.176
1850439891,3018.33,0.1788,3404530100,3404530101,1767340887176,True,True,2026-01-02 08:01:27.176
1850439892,3018.33,0.2186,3404530102,3404530102,1767340887176,True,True,2026-01-02 08:01:27.176
1850439893,3018.33,0.0727,3404530103,3404530103,1767340887176,True,True,2026-01-02 08:01:27.176
1850439894,3018.33,0.1922,3404530104,3404530104,1767340887177,True,True,2026-01-02 08:01:27.177
1850439895,3018.33,0.3427,3404530105,3404530106,1767340887179,True,True,2026-01-02 08:01:27.179
1850439896,3018.33,0.1349,3404530107,3404530107,1767340887181,True,True,2026-01-02 08:01:27.181
1850439897,3018.33,0.3429,3404530108,3404530108,1767340887214,True,True,2026-01-02 08:01:27.214
1850439898,3018.33,0.3313,3404530109,3404530109,1767340887215,True,True,2026-01-02 08:01:27.215
1850439899,3018.33,0.6625,3404530110,3404530114,1767340887216,True,True,2026-01-02 08:01:27.216
1850439900,3018.33,0.8598,3404530115,3404530128,1767340887220,True,True,2026-01-02 08:01:27.220
1850439901,3018.32,0.9023,3404530129,3404530136,1767340887223,True,True,2026-01-02 08:01:27.223
1850439902,3018.31,0.0017,3404530137,3404530137,1767340887223,True,True,2026-01-02 08:01:27.223
1850439903,3018.3,0.0074,3404530138,3404530141,1767340887223,True,True,2026-01-02 08:01:27.223
1850439904,3018.29,0.1361,3404530142,3404530143,1767340887223,True,True,2026-01-02 08:01:27.223
1850439905,3018.26,0.0017,3404530144,3404530144,1767340887223,True,True,2026-01-02 08:01:27.223
1850439906,3018.2,0.0071,3404530145,3404530148,1767340887227,True,True,2026-01-02 08:01:27.227
1850439907,3018.19,0.0088,3404530149,3404530153,1767340887227,True,True,2026-01-02 08:01:27.227
1850439908,3018.19,0.0132,3404530154,3404530154,1767340887229,False,True,2026-01-02 08:01:27.229
1850439909,3018.18,0.0526,3404530155,3404530161,1767340887234,True,True,2026-01-02 08:01:27.234
1850439910,3018.17,0.0042,3404530162,3404530163,1767340887234,True,True,2026-01-02 08:01:27.234
1850439911,3018.15,0.0584,3404530164,3404530167,1767340887234,True,True,2026-01-02 08:01:27.234
1850439912,3018.14,0.0034,3404530168,3404530168,1767340887234,True,True,2026-01-02 08:01:27.234
1850439913,3018.12,0.0687,3404530169,3404530170,1767340887234,True,True,2026-01-02 08:01:27.234
1850439914,3018.1,0.002,3404530171,3404530171,1767340887234,True,True,2026-01-02 08:01:27.234
1850439915,3018.08,0.0054,3404530172,3404530174,1767340887234,True,True,2026-01-02 08:01:27.234
1850439916,3018.07,0.0703,3404530175,3404530175,1767340887234,True,True,2026-01-02 08:01:27.234
1850439917,3018.07,0.265,3404530176,3404530177,1767340887235,True,True,2026-01-02 08:01:27.235
1850439918,3018.07,0.0292,3404530178,3404530178,1767340887235,True,True,2026-01-02 08:01:27.235
1850439919,3018.01,0.0054,3404530179,3404530181,1767340887235,True,True,2026-01-02 08:01:27.235
1850439920,3018.0,0.335,3404530182,3404530184,1767340887235,True,True,2026-01-02 08:01:27.235
1850439921,3017.98,0.0017,3404530185,3404530185,1767340887235,True,True,2026-01-02 08:01:27.235
1850439922,3017.9,0.002,3404530186,3404530186,1767340887235,True,True,2026-01-02 08:01:27.235
1850439923,3017.87,0.0079,3404530187,3404530190,1767340887235,True,True,2026-01-02 08:01:27.235
1850439924,3017.86,0.0163,3404530191,3404530191,1767340887235,True,True,2026-01-02 08:01:27.235
